Type,Product,Started Date,Completed Date,Description,Amount,Fee,Currency,State,Balance
CASHBACK,Savings,2024-08-08 20:33:08,2024-08-10 06:10:18,Plan Cashback,0.02,0.00,CHF,COMPLETED,0.02
TRANSFER,Savings,2024-08-14 18:58:58,2024-08-14 18:58:58,To CHF,-0.02,0.00,CHF,COMPLETED,0.00
TRANSFER,Savings,2024-08-14 18:58:58,2024-08-14 18:58:58,Closing transaction,0.00,0.00,CHF,COMPLETED,0.00
EXCHANGE,Current,2020-10-25 23:22:15,2020-10-25 23:22:15,Exchange to CHF,10.60,0.00,CHF,COMPLETED,10.60
FEE,Current,2020-10-25 23:23:02,2020-10-25 23:23:02,Premium plan fee,-8.99,0.00,CHF,COMPLETED,1.61
REFUND,Current,2020-10-25 23:23:06,2020-10-25 23:23:06,Plan termination refund,8.99,0.00,CHF,COMPLETED,10.60
FEE,Current,2020-10-25 23:23:06,2020-10-25 23:23:06,Premium plan fee,-8.99,0.00,CHF,COMPLETED,1.61
EXCHANGE,Current,2020-10-26 00:53:33,2020-10-26 00:53:33,Exchange to CHF,424.27,0.00,CHF,COMPLETED,425.88
EXCHANGE,Current,2020-10-26 08:29:04,2020-10-26 08:29:04,Exchange to CHF,642.29,0.00,CHF,COMPLETED,1068.17
TRANSFER,Current,2020-10-26 08:33:19,2020-10-26 10:54:56,SWIFT Transfer,-1000.00,0.00,CHF,COMPLETED,68.17
EXCHANGE,Current,2020-11-10 13:47:35,2020-11-10 13:47:35,Exchange to CHF,88.57,0.00,CHF,COMPLETED,156.74
CARD_PAYMENT,Current,2020-11-10 13:48:10,2020-11-11 05:36:27,Migros,-101.15,0.00,CHF,COMPLETED,55.59
FEE,Current,2020-11-26 00:04:46,2020-11-26 00:04:46,Premium plan fee,-8.99,0.00,CHF,COMPLETED,46.60
TRANSFER,Current,2020-12-05 13:21:10,2020-12-05 13:21:10,Transfer to Revolut user,-17.00,0.00,CHF,COMPLETED,29.60
FEE,Current,2020-12-26 00:00:53,2020-12-26 00:00:53,Premium plan fee,-8.99,0.00,CHF,COMPLETED,20.61
EXCHANGE,Current,2021-01-24 21:07:44,2021-01-24 21:07:44,Exchange to EUR,-13.00,0.00,CHF,COMPLETED,7.61
EXCHANGE,Current,2021-03-20 07:16:17,2021-03-20 07:16:17,Exchange to CHF,876.10,0.00,CHF,COMPLETED,883.71
FEE,Current,2021-03-26 00:06:13,2021-03-26 00:06:13,Premium plan fee,-8.99,0.00,CHF,COMPLETED,874.72
CARD_PAYMENT,Current,2021-03-29 19:37:22,2021-03-30 04:43:55,Denner,-90.05,0.00,CHF,COMPLETED,784.67
TRANSFER,Current,2021-04-16 08:32:02,2021-04-16 08:32:02,Transfer from Revolut user,36.33,0.00,CHF,COMPLETED,821.00
FEE,Current,2021-04-26 01:02:03,2021-04-26 01:02:03,Premium plan fee,-8.99,0.00,CHF,COMPLETED,812.01
TRANSFER,Current,2021-05-06 08:22:58,2021-05-06 08:22:58,Transfer to Revolut user,-15.50,0.00,CHF,COMPLETED,796.51
EXCHANGE,Current,2021-05-06 14:32:38,2021-05-06 14:32:38,Exchange to EUR,-50.00,0.00,CHF,COMPLETED,746.51
ATM,Current,2021-05-15 14:50:01,2021-05-17 01:14:37,Cash at Zkb Zh Prime Tower 1,-20.00,0.00,CHF,COMPLETED,726.51
CARD_PAYMENT,Current,2021-05-17 19:57:55,2021-05-18 04:54:39,Migros,-53.05,0.00,CHF,COMPLETED,673.46
FEE,Current,2021-05-26 01:05:27,2021-05-26 01:05:27,Premium plan fee,-8.99,0.00,CHF,COMPLETED,664.47
CARD_PAYMENT,Current,2021-05-29 01:36:35,2021-05-29 13:04:31,Lime,-5.00,0.00,CHF,COMPLETED,659.47
FEE,Current,2021-06-26 01:08:16,2021-06-26 01:08:16,Premium plan fee,-8.99,0.00,CHF,COMPLETED,650.48
TRANSFER,Current,2021-07-20 23:48:17,2021-07-20 23:48:17,Transfer to Revolut user,-7.00,0.00,CHF,COMPLETED,643.48
EXCHANGE,Current,2021-07-25 12:16:53,2021-07-25 12:16:53,Exchange to EUR,-110.00,0.00,CHF,COMPLETED,533.48
FEE,Current,2021-07-26 01:29:34,2021-07-26 01:29:34,Premium plan fee,-8.99,0.00,CHF,COMPLETED,524.49
TRANSFER,Current,2021-07-28 21:56:03,2021-07-28 21:56:03,Transfer from Revolut user,8.00,0.00,CHF,COMPLETED,532.49
FEE,Current,2021-08-26 01:12:16,2021-08-26 01:12:16,Premium plan fee,-8.99,0.00,CHF,COMPLETED,523.50
EXCHANGE,Current,2021-09-19 15:11:28,2021-09-19 15:11:28,Exchange to EUR,-100.00,0.00,CHF,COMPLETED,423.50
TRANSFER,Current,2021-09-23 12:49:27,2021-09-23 12:56:11,Transfer from Revolut user,5.00,0.00,CHF,COMPLETED,428.50
FEE,Current,2021-09-26 01:23:17,2021-09-26 01:23:17,Premium plan fee,-8.99,0.00,CHF,COMPLETED,419.51
TRANSFER,Current,2021-10-02 14:26:00,2021-10-02 14:26:00,Transfer to Revolut user,-25.00,0.00,CHF,COMPLETED,394.51
EXCHANGE,Current,2021-10-11 00:52:36,2021-10-11 00:52:36,Exchange to ETH,-50.00,0.00,CHF,COMPLETED,344.51
EXCHANGE,Current,2021-10-11 00:54:09,2021-10-11 00:54:09,Exchange to NMR,-50.00,0.00,CHF,COMPLETED,294.51
EXCHANGE,Current,2021-10-16 16:03:45,2021-10-16 16:03:45,Exchange to ETH,-50.00,0.00,CHF,COMPLETED,244.51
FEE,Current,2021-10-26 01:14:33,2021-10-26 01:14:33,Premium plan fee,-8.99,0.00,CHF,COMPLETED,235.52
EXCHANGE,Current,2021-10-27 11:50:32,2021-10-27 11:50:32,Exchange to CHF,44.01,0.66,CHF,COMPLETED,278.87
EXCHANGE,Current,2021-10-27 11:51:00,2021-10-27 11:51:00,Exchange to ETH,-43.00,0.00,CHF,COMPLETED,235.87
EXCHANGE,Current,2021-11-08 10:48:23,2021-11-08 10:48:23,Exchange to BTC,-100.00,0.00,CHF,COMPLETED,135.87
CARD_PAYMENT,Current,2021-11-13 14:57:20,2021-11-14 03:38:08,MUJI,-31.00,0.31,CHF,COMPLETED,104.56
CARD_PAYMENT,Current,2021-11-14 02:36:09,2021-11-14 06:59:50,MEININGER Hotels,-10.45,0.10,CHF,COMPLETED,94.01
CARD_PAYMENT,Current,2021-11-14 13:05:21,2021-11-15 15:32:20,Bar Luce,-7.92,0.08,CHF,COMPLETED,86.01
TRANSFER,Current,2021-11-15 20:21:12,2021-11-15 20:21:12,Transfer to Revolut user,-10.00,0.00,CHF,COMPLETED,76.01
CARD_PAYMENT,Current,2021-11-13 15:16:54,2021-11-16 03:31:26,Ciacco Lab,-10.03,0.10,CHF,COMPLETED,65.88
CARD_PAYMENT,Current,2021-11-14 11:52:25,2021-11-16 14:18:43,ATM - Azienda Trasporti Milanesi,-2.12,0.02,CHF,COMPLETED,63.74
EXCHANGE,Current,2021-11-23 00:16:18,2021-11-23 00:16:18,Exchange to EUR,-35.00,0.00,CHF,COMPLETED,28.74
FEE,Current,2021-11-26 00:39:16,2021-11-26 00:39:16,Premium plan fee,-8.99,0.00,CHF,COMPLETED,19.75
FEE,Current,2021-12-26 00:16:34,2021-12-26 00:16:34,Premium plan fee,-8.99,0.00,CHF,COMPLETED,10.76
REWARD,Current,2022-01-10 18:37:14,2022-01-10 18:37:14,Referral reward,90.00,0.00,CHF,COMPLETED,100.76
TEMP_BLOCK,Current,2022-01-10 19:26:22,,Unknown Description,-45.00,0.00,CHF,REVERTED,
TRANSFER,Current,2022-01-10 19:27:20,2022-01-10 19:27:20,Transfer to Revolut user,-45.00,0.00,CHF,COMPLETED,55.76
REWARD,Current,2022-01-12 21:14:22,2022-01-12 21:14:22,Referral reward,90.00,0.00,CHF,COMPLETED,145.76
TRANSFER,Current,2022-01-12 22:34:22,2022-01-12 22:34:22,Transfer to Revolut user,-45.00,0.00,CHF,COMPLETED,100.76
EXCHANGE,Current,2022-01-15 18:04:36,2022-01-15 18:04:36,Exchange to SOL,-50.00,0.00,CHF,COMPLETED,50.76
CARD_PAYMENT,Current,2022-01-23 23:00:17,2022-01-24 17:41:11,RUBICON,-11.90,0.00,CHF,COMPLETED,38.86
FEE,Current,2022-01-26 00:21:54,2022-01-26 00:21:54,Premium plan fee,-8.99,0.00,CHF,COMPLETED,29.87
ATM,Current,2022-01-27 16:12:24,2022-01-28 05:30:24,Cash at Zurich Bahnhofstrasse,-20.00,0.00,CHF,COMPLETED,9.87
TRANSFER,Current,2022-01-31 15:00:09,2022-01-31 15:00:09,Transfer from Revolut user,4.90,0.00,CHF,COMPLETED,14.77
FEE,Current,2022-02-27 00:20:35,2022-02-27 00:20:35,Premium plan fee,-8.99,0.00,CHF,COMPLETED,5.78
EXCHANGE,Current,2022-03-01 20:46:29,2022-03-01 20:46:29,Exchange to CHF,51.09,0.00,CHF,COMPLETED,56.87
CARD_PAYMENT,Current,2022-03-01 21:01:28,2022-03-02 11:40:22,Uber,-1.00,0.00,CHF,COMPLETED,55.87
CARD_PAYMENT,Current,2022-03-01 23:04:25,2022-03-02 11:59:12,Miss Miu,-30.00,0.00,CHF,COMPLETED,25.87
CARD_PAYMENT,Current,2022-03-14 22:31:24,2022-03-15 12:19:08,Uber,-1.00,0.00,CHF,COMPLETED,24.87
CARD_PAYMENT,Current,2022-03-14 22:13:38,2022-03-15 12:19:08,Uber,-15.32,0.00,CHF,COMPLETED,9.55
CARD_PAYMENT,Current,2022-03-15 08:35:53,2022-03-16 11:18:22,Uber,-2.00,0.00,CHF,COMPLETED,7.55
CARD_PAYMENT,Current,2022-04-22 20:29:02,2022-04-23 17:05:16,Otter.ai,-4.78,0.00,CHF,COMPLETED,2.77
TRANSFER,Current,2022-04-25 21:13:45,2022-04-25 21:13:45,Transfer from Revolut user,15.00,0.00,CHF,COMPLETED,17.77
FEE,Current,2022-04-26 01:14:36,2022-04-26 01:14:36,Premium plan fee,-8.99,0.00,CHF,COMPLETED,8.78
TRANSFER,Current,2022-06-10 13:16:10,2022-06-10 13:16:13,Transfer from Revolut user,4.37,0.00,CHF,COMPLETED,13.15
TRANSFER,Current,2022-06-17 02:03:05,2022-06-17 02:03:05,Transfer to Revolut user,-6.00,0.00,CHF,COMPLETED,7.15
FEE,Current,2022-06-30 02:21:29,2022-06-30 02:21:29,Premium plan fee,-8.99,0.00,CHF,COMPLETED,-1.84
EXCHANGE,Current,2022-07-03 13:57:55,2022-07-03 13:57:55,Exchange to CHF,1.84,0.02,CHF,COMPLETED,-0.02
EXCHANGE,Current,2022-07-06 09:51:44,2022-07-06 09:51:44,Exchange to CHF,10.91,0.00,CHF,COMPLETED,10.89
TRANSFER,Current,2022-07-18 23:34:31,2022-07-18 23:34:32,Transfer to Revolut user,-7.00,0.00,CHF,COMPLETED,3.89
FEE,Current,2022-09-26 01:10:40,2022-09-26 01:10:40,Premium plan fee,-8.99,0.00,CHF,COMPLETED,-5.10
EXCHANGE,Current,2022-10-03 00:04:42,2022-10-03 00:04:42,Exchange to CHF,5.10,0.00,CHF,COMPLETED,0.00
TRANSFER,Current,2022-11-19 01:26:14,2022-11-19 01:26:14,Transfer from Revolut user,36.00,0.00,CHF,COMPLETED,36.00
FEE,Current,2022-11-26 00:11:46,2022-11-26 00:11:46,Premium plan fee,-8.99,0.00,CHF,COMPLETED,27.01
TOPUP,Current,2022-12-16 11:34:36,2022-12-16 11:34:51,Google Pay Top-Up by *9426,500.00,0.00,CHF,COMPLETED,527.01
TOPUP,Current,2022-12-20 20:42:56,2022-12-20 20:42:58,Google Pay Top-Up by *9426,200.00,0.00,CHF,COMPLETED,727.01
CARD_PAYMENT,Current,2022-12-23 00:53:40,,Uber,-1.00,0.00,CHF,REVERTED,
FEE,Current,2022-12-26 00:19:01,2022-12-26 00:19:01,Premium plan fee,-8.99,0.00,CHF,COMPLETED,718.02
CARD_PAYMENT,Current,2022-12-26 02:46:41,2022-12-26 11:44:59,Uber,-23.92,0.00,CHF,COMPLETED,694.10
CARD_PAYMENT,Current,2022-12-27 02:52:57,2022-12-27 11:53:45,Uber,-20.58,0.00,CHF,COMPLETED,673.52
CARD_PAYMENT,Current,2022-12-26 22:55:23,2022-12-27 12:01:16,Gazarte,-11.98,0.00,CHF,COMPLETED,661.54
CARD_PAYMENT,Current,2022-12-26 21:42:24,2022-12-27 12:01:16,Gazarte,-11.98,0.00,CHF,COMPLETED,649.56
CARD_PAYMENT,Current,2022-12-26 21:40:35,2022-12-27 12:01:16,Gazarte,-15.97,0.00,CHF,COMPLETED,633.59
CARD_PAYMENT,Current,2022-12-27 01:15:44,2022-12-28 03:41:24,Montreal Street Fo,-11.97,0.00,CHF,COMPLETED,621.62
CARD_PAYMENT,Current,2022-12-27 00:27:10,2022-12-28 13:14:45,Gazarte,-11.97,0.00,CHF,COMPLETED,609.65
CARD_PAYMENT,Current,2022-12-26 13:17:40,2022-12-28 13:23:59,Rumors,-4.48,0.00,CHF,COMPLETED,605.17
CARD_PAYMENT,Current,2022-12-27 02:12:17,2022-12-29 13:37:19,Rock n Roll,-33.90,0.00,CHF,COMPLETED,571.27
CARD_PAYMENT,Current,2022-12-28 20:49:19,2022-12-30 03:50:19,Skroutz,-19.77,0.00,CHF,COMPLETED,551.50
CARD_PAYMENT,Current,2022-12-29 10:31:00,2022-12-31 03:41:43,Stavros Kourkoulis,-18.72,0.00,CHF,COMPLETED,532.78
CARD_PAYMENT,Current,2022-12-30 16:21:57,2023-01-01 03:40:08,Timberland Store Glyfa,-246.04,0.00,CHF,COMPLETED,286.74
CARD_PAYMENT,Current,2022-12-30 00:03:20,2023-01-01 03:40:12,Fivis 15,-51.27,0.00,CHF,COMPLETED,235.47
CARD_PAYMENT,Current,2022-12-30 13:15:00,2023-01-01 13:12:16,AVIN,-19.74,0.00,CHF,COMPLETED,215.73
CARD_PAYMENT,Current,2022-12-30 18:21:58,2023-01-01 13:12:24,Roomie,-12.18,0.00,CHF,COMPLETED,203.55
CARD_PAYMENT,Current,2022-12-31 16:23:00,2023-01-02 02:33:02,AB,-39.18,0.39,CHF,COMPLETED,163.98
CARD_PAYMENT,Current,2022-12-31 12:27:10,2023-01-03 03:44:18,Tanto Cafe,-1.99,0.02,CHF,COMPLETED,161.97
CARD_PAYMENT,Current,2023-01-04 19:50:45,2023-01-05 05:35:21,Prolific Hw,-13.48,0.00,CHF,COMPLETED,148.49
CARD_PAYMENT,Current,2023-01-04 12:00:59,2023-01-06 03:39:39,Antheon Tyropita Santouits Kafe,-7.10,0.00,CHF,COMPLETED,141.39
CARD_PAYMENT,Current,2023-01-05 10:54:21,2023-01-06 12:26:03,KFC,-7.90,0.00,CHF,COMPLETED,133.49
CARD_PAYMENT,Current,2023-01-06 17:37:02,2023-01-07 03:16:13,TechCrunch,-9.88,0.00,CHF,COMPLETED,123.61
CARD_PAYMENT,Current,2023-01-04 23:48:15,2023-01-09 12:42:42,Food Concepts Sole Ltd,-5.43,0.00,CHF,COMPLETED,118.18
CARD_PAYMENT,Current,2023-01-05 05:47:11,2023-01-10 03:55:38,Hellenic Duty Free Shops,-35.62,0.00,CHF,COMPLETED,82.56
CARD_PAYMENT,Current,2023-01-09 07:41:00,2023-01-10 12:38:57,Prolific Hw,-24.02,0.00,CHF,COMPLETED,58.54
CARD_PAYMENT,Current,2023-01-13 10:08:49,2023-01-18 03:46:27,Anthokipos,-23.19,0.00,CHF,COMPLETED,35.35
FEE,Current,2023-01-26 00:10:30,2023-01-26 00:10:30,Premium plan fee,-8.99,0.00,CHF,COMPLETED,26.36
EXCHANGE,Current,2023-01-31 17:20:48,2023-01-31 17:20:48,Exchange to CHF,26.36,0.00,CHF,COMPLETED,52.72
EXCHANGE,Current,2023-01-31 17:21:50,2023-01-31 17:21:50,Exchange to CHF,34.43,0.51,CHF,COMPLETED,86.64
EXCHANGE,Current,2023-01-31 17:22:10,2023-01-31 17:22:10,Exchange to CHF,31.97,0.48,CHF,COMPLETED,118.13
EXCHANGE,Current,2023-01-31 17:22:25,2023-01-31 17:22:25,Exchange to CHF,7.99,0.12,CHF,COMPLETED,126.00
CARD_PAYMENT,Current,2023-01-31 17:26:28,2023-02-03 03:51:52,Anthokipos,-52.87,0.00,CHF,COMPLETED,73.13
CARD_PAYMENT,Current,2023-02-04 19:25:17,2023-02-05 03:46:37,Your Moms House Live E,-26.65,0.27,CHF,COMPLETED,46.21
CARD_PAYMENT,Current,2023-02-28 07:52:10,2023-03-01 05:59:29,Amazon,-40.35,0.00,CHF,COMPLETED,5.86
TRANSFER,Current,2023-03-31 22:03:21,2023-03-31 22:03:22,Transfer from Revolut user,42.66,0.00,CHF,COMPLETED,48.52
CARD_PAYMENT,Current,2023-04-03 08:52:34,,LinkedIn,-1.00,0.00,CHF,REVERTED,
EXCHANGE,Current,2023-04-10 10:03:10,2023-04-10 10:03:10,Exchange to EUR,-30.00,0.00,CHF,COMPLETED,18.52
EXCHANGE,Current,2023-04-10 12:42:47,2023-04-10 12:42:47,Exchange to EUR,-15.00,0.00,CHF,COMPLETED,3.52
TOPUP,Current,2023-04-11 08:05:41,2023-04-11 08:05:41,Payment from Nikolaos Kaliorakis,100.00,0.00,CHF,COMPLETED,103.52
EXCHANGE,Current,2023-04-11 08:06:21,2023-04-11 08:06:21,Exchange to EUR,-50.00,0.00,CHF,COMPLETED,53.52
TOPUP,Current,2023-04-12 08:06:25,2023-04-12 08:06:25,Payment from Nikolaos Kaliorakis,800.00,0.00,CHF,COMPLETED,853.52
TRANSFER,Current,2023-04-12 19:28:34,2023-04-12 19:28:35,Transfer to Revolut user,-42.66,0.00,CHF,COMPLETED,810.86
EXCHANGE,Current,2023-04-13 21:46:12,2023-04-13 21:46:12,Exchange to EUR,-200.00,0.00,CHF,COMPLETED,610.86
CARD_PAYMENT,Current,2023-04-15 11:54:13,2023-04-16 06:27:08,Apple Store,-39.95,0.00,CHF,COMPLETED,570.91
CARD_PAYMENT,Current,2023-04-19 08:06:31,2023-04-20 05:26:18,Stadtammann u Betr.amt,-34.00,0.00,CHF,COMPLETED,536.91
REWARD,Current,2023-04-25 14:45:21,2023-04-25 14:58:58,Revolut x You are awesome!,0.31,0.00,CHF,COMPLETED,537.22
EXCHANGE,Current,2023-04-28 22:25:35,2023-04-28 22:25:35,Exchange to EUR,-300.00,0.00,CHF,COMPLETED,237.22
CARD_PAYMENT,Current,2023-04-29 19:44:32,2023-04-30 12:10:45,Domestika,-9.97,0.10,CHF,COMPLETED,227.15
EXCHANGE,Current,2023-05-01 19:37:37,2023-05-01 19:37:37,Exchange to EUR,-100.00,0.00,CHF,COMPLETED,127.15
TOPUP,Current,2023-05-03 01:02:09,2023-05-03 01:02:09,Payment from Nikolaos Kaliorakis,400.00,0.00,CHF,COMPLETED,527.15
TRANSFER,Current,2023-05-03 14:05:00,2023-05-03 14:05:00,Transfer to Revolut user,-54.01,0.00,CHF,COMPLETED,473.14
CARD_PAYMENT,Current,2023-04-28 21:28:57,2023-05-03 14:53:36,ΛΙΝΟΥ ΣΟΥΜΠΑΣΗΣ ΚΑΙ ΣΙΑ,-113.47,0.00,CHF,COMPLETED,359.67
CARD_PAYMENT,Current,2023-05-03 18:16:39,2023-05-04 04:01:36,Ladias Nikolaos,-70.63,0.00,CHF,COMPLETED,289.04
CARD_PAYMENT,Current,2023-05-04 18:24:32,2023-05-05 13:54:44,Kentrikis Odos,-1.91,0.00,CHF,COMPLETED,287.13
CARD_PAYMENT,Current,2023-05-03 20:15:06,2023-05-05 13:54:57,Dionysos,-53.96,0.00,CHF,COMPLETED,233.17
CARD_PAYMENT,Current,2023-05-03 14:08:33,2023-05-05 13:56:01,Kakarantzas ART,-7.94,0.00,CHF,COMPLETED,225.23
CARD_PAYMENT,Current,2023-05-04 19:23:48,2023-05-06 03:56:59,Shell,-48.86,0.00,CHF,COMPLETED,176.37
CARD_PAYMENT,Current,2023-05-04 20:54:57,2023-05-06 03:57:03,Sourta Ferta,-34.20,0.00,CHF,COMPLETED,142.17
CARD_PAYMENT,Current,2023-05-05 10:10:08,2023-05-06 18:52:46,efood,-5.11,0.00,CHF,COMPLETED,137.06
CARD_PAYMENT,Current,2023-05-05 14:32:20,2023-05-07 03:32:10,efood,-13.15,0.00,CHF,COMPLETED,123.91
CARD_PAYMENT,Current,2023-05-06 00:07:22,2023-05-07 07:15:11,Roomie,-7.87,0.08,CHF,COMPLETED,115.96
CARD_PAYMENT,Current,2023-05-06 06:08:32,2023-05-08 03:58:01,WHSmith,-7.28,0.07,CHF,COMPLETED,108.61
CARD_PAYMENT,Current,2023-05-04 17:35:29,2023-05-08 15:28:00,Cardlink One Tsiaras,-1.18,0.00,CHF,COMPLETED,107.43
CARD_PAYMENT,Current,2023-05-06 06:03:44,2023-05-09 04:04:53,Hellenic Duty Free Shops,-19.61,0.20,CHF,COMPLETED,87.62
CARD_PAYMENT,Current,2023-05-06 04:53:51,2023-05-09 04:05:27,Aegean Airlines,-4.92,0.05,CHF,COMPLETED,82.65
CARD_PAYMENT,Current,2023-05-06 05:57:37,2023-05-09 13:45:49,Hellenic Duty Free Shops,-45.19,0.45,CHF,COMPLETED,37.01
CARD_PAYMENT,Current,2023-05-11 02:56:02,2023-05-17 03:56:08,Amazon,-19.92,0.00,CHF,COMPLETED,17.09
TOPUP,Current,2023-05-23 08:19:14,2023-05-23 08:19:14,Payment from Nikolaos Kaliorakis,200.00,0.00,CHF,COMPLETED,217.09
EXCHANGE,Current,2023-05-27 11:42:26,2023-05-27 11:42:26,Exchange to EUR,-50.00,0.00,CHF,COMPLETED,167.09
EXCHANGE,Current,2023-06-07 16:51:16,2023-06-07 16:51:16,Exchange to EUR,-167.00,0.00,CHF,COMPLETED,0.09
TRANSFER,Current,2023-06-24 21:04:43,2023-06-24 21:04:44,Transfer from Revolut user,10.00,0.00,CHF,COMPLETED,10.09
TRANSFER,Current,2023-06-29 11:15:01,2023-06-29 11:15:01,Transfer from Revolut user,1.00,0.00,CHF,COMPLETED,11.09
TRANSFER,Current,2023-06-30 12:28:58,2023-06-30 12:28:58,Transfer from Revolut user,614.00,0.00,CHF,COMPLETED,625.09
TRANSFER,Current,2023-07-01 11:07:12,2023-07-01 11:07:12,Transfer from Revolut user,30.00,0.00,CHF,COMPLETED,655.09
CARD_PAYMENT,Current,2023-07-08 10:41:49,2023-07-11 04:18:46,Aegean Airlines,-61.55,0.62,CHF,COMPLETED,592.92
CARD_PAYMENT,Current,2023-07-16 03:21:04,2023-07-17 15:10:37,Uber,-35.24,0.00,CHF,COMPLETED,557.68
CARD_PAYMENT,Current,2023-07-20 22:11:59,2023-07-24 15:41:51,Ferryhopper,-353.12,0.00,CHF,COMPLETED,204.56
TOPUP,Current,2023-07-27 08:05:36,2023-07-27 08:05:37,Payment from Nikolaos Kaliorakis,500.00,0.00,CHF,COMPLETED,704.56
CARD_PAYMENT,Current,2023-07-27 15:09:05,2023-07-29 04:15:53,Seajets,-28.55,0.00,CHF,COMPLETED,676.01
CARD_PAYMENT,Current,2023-07-27 08:42:53,2023-07-29 04:16:12,Sklavenitis,-24.07,0.00,CHF,COMPLETED,651.94
CARD_PAYMENT,Current,2023-07-27 12:55:50,2023-07-29 04:16:28,Water Motion Ae,-21.02,0.00,CHF,COMPLETED,630.92
CARD_PAYMENT,Current,2023-07-27 13:09:30,2023-07-29 04:17:47,EKO,-75.45,0.00,CHF,COMPLETED,555.47
CARD_PAYMENT,Current,2023-07-27 11:32:08,2023-07-29 04:18:05,Antheon Tyropita Santouits Kafe,-7.26,0.00,CHF,COMPLETED,548.21
CARD_PAYMENT,Current,2023-07-27 23:50:43,2023-07-29 14:19:39,Indigostudios.gr,-100.37,0.00,CHF,COMPLETED,447.84
CARD_PAYMENT,Current,2023-07-28 23:15:19,2023-07-30 16:58:27,My honey,-8.65,0.09,CHF,COMPLETED,439.10
CARD_PAYMENT,Current,2023-07-28 22:00:47,2023-07-31 03:58:04,Monovasios Aristeidis,-72.02,0.00,CHF,COMPLETED,367.08
CARD_PAYMENT,Current,2023-07-30 09:41:51,2023-07-31 16:10:00,Cool Moments Ike,-45.16,0.45,CHF,COMPLETED,321.47
CARD_PAYMENT,Current,2023-07-30 01:34:59,2023-07-31 16:10:03,Yacht Club Serifos,-15.38,0.15,CHF,COMPLETED,305.94
CARD_PAYMENT,Current,2023-07-30 09:46:06,2023-08-01 04:10:54,Aggelos Papadopoylos K,-22.10,0.22,CHF,COMPLETED,283.62
CARD_PAYMENT,Current,2023-07-29 20:13:40,2023-08-01 04:11:20,Gioyla Paraskevi,-49.48,0.49,CHF,COMPLETED,233.65
CARD_PAYMENT,Current,2023-07-29 23:32:13,2023-08-01 04:11:32,Mastorakis Efstratios,-28.83,0.29,CHF,COMPLETED,204.53
CARD_PAYMENT,Current,2023-07-29 20:31:45,2023-08-01 04:11:38,Rotas Georgios,-9.13,0.09,CHF,COMPLETED,195.31
CARD_PAYMENT,Current,2023-08-04 16:35:09,2023-08-05 04:25:09,Skaltsas K Chaitid,-81.71,0.00,CHF,COMPLETED,113.60
CARD_PAYMENT,Current,2023-08-05 00:21:44,2023-08-06 14:03:51,Loggia,-67.38,0.67,CHF,COMPLETED,45.55
TOPUP,Current,2023-08-07 08:08:12,2023-08-07 08:08:12,Payment from Nikolaos Kaliorakis,500.00,0.00,CHF,COMPLETED,545.55
CARD_PAYMENT,Current,2023-08-05 23:42:35,2023-08-08 04:18:55,Elliniko Souvlaki,-7.71,0.08,CHF,COMPLETED,537.76
CARD_PAYMENT,Current,2023-08-07 20:46:42,2023-08-09 03:58:58,Souvlaking,-18.29,0.00,CHF,COMPLETED,519.47
CARD_PAYMENT,Current,2023-08-08 15:07:46,2023-08-10 04:14:22,AB,-20.77,0.00,CHF,COMPLETED,498.70
CARD_PAYMENT,Current,2023-08-09 00:21:20,2023-08-10 13:34:04,BROUTSOS SPYRIDON,-22.11,0.00,CHF,COMPLETED,476.59
CARD_PAYMENT,Current,2023-08-09 11:00:58,2023-08-10 19:00:53,efood,-11.26,0.00,CHF,COMPLETED,465.33
CARD_PAYMENT,Current,2023-08-10 12:52:20,2023-08-11 04:06:55,Frn* Hold.free-Now.com,-31.80,0.00,CHF,COMPLETED,433.53
CARD_PAYMENT,Current,2023-08-09 23:17:11,2023-08-11 15:42:54,Roomie,-6.57,0.00,CHF,COMPLETED,426.96
CARD_PAYMENT,Current,2023-08-10 16:48:58,2023-08-12 04:07:26,Bistrot Attica,-10.76,0.00,CHF,COMPLETED,416.20
CARD_PAYMENT,Current,2023-08-13 20:11:17,2023-08-14 03:56:04,Amazon,-7.25,0.07,CHF,COMPLETED,408.88
CARD_PAYMENT,Current,2023-08-12 19:02:22,2023-08-14 15:33:37,Special,-4.81,0.05,CHF,COMPLETED,404.02
CARD_PAYMENT,Current,2023-08-16 00:49:48,,Tzevelekakis Alexandro,-16.32,0.00,CHF,REVERTED,
CARD_PAYMENT,Current,2023-08-14 13:59:53,2023-08-16 13:30:41,Special,-3.85,0.00,CHF,COMPLETED,400.17
CARD_PAYMENT,Current,2023-08-11 14:13:25,2023-08-16 13:34:08,Waikiki Coffee House,-7.23,0.00,CHF,COMPLETED,392.94
CARD_PAYMENT,Current,2023-08-12 16:33:08,2023-08-16 13:34:08,Waikiki Coffee House,-2.41,0.02,CHF,COMPLETED,390.51
CARD_PAYMENT,Current,2023-08-14 13:44:21,2023-08-17 14:53:01,Ferryhopper,-51.93,0.00,CHF,COMPLETED,338.58
CARD_PAYMENT,Current,2023-08-16 17:25:06,2023-08-18 14:50:52,Waikiki Coffee House,-17.00,0.00,CHF,COMPLETED,321.58
CARD_PAYMENT,Current,2023-08-17 13:22:55,2023-08-20 04:07:54,Special,-15.72,0.00,CHF,COMPLETED,305.86
CARD_PAYMENT,Current,2023-08-18 15:26:55,2023-08-22 04:06:53,Aegean Airlines,-54.32,0.00,CHF,COMPLETED,251.54
CARD_PAYMENT,Current,2023-08-21 11:29:39,2023-08-22 04:08:25,Gregory's,-10.28,0.00,CHF,COMPLETED,241.26
CARD_PAYMENT,Current,2023-08-20 17:20:46,2023-08-22 04:08:59,Ntoukiani,-7.70,0.08,CHF,COMPLETED,233.48
CARD_PAYMENT,Current,2023-08-19 12:34:48,2023-08-22 14:28:59,Ferryhopper,-47.12,0.47,CHF,COMPLETED,185.89
CARD_PAYMENT,Current,2023-08-18 15:32:08,2023-08-22 14:31:09,Waikiki Coffee House,-17.73,0.00,CHF,COMPLETED,168.16
CARD_PAYMENT,Current,2023-08-16 03:49:46,2023-08-26 04:10:02,Tzevelekakis Alexandro,-16.27,0.16,CHF,COMPLETED,151.73
CARD_PAYMENT,Current,2023-08-21 01:44:03,2023-08-26 04:10:02,Tzevelekakis Alexandro,-14.43,0.00,CHF,COMPLETED,137.30
TOPUP,Current,2023-08-28 08:06:06,2023-08-28 08:06:06,Payment from Nikolaos Kaliorakis,300.00,0.00,CHF,COMPLETED,437.30
CARD_PAYMENT,Current,2023-08-27 18:15:29,2023-08-28 15:32:56,AVIN,-38.28,0.38,CHF,COMPLETED,398.64
CARD_PAYMENT,Current,2023-08-28 19:32:03,2023-08-29 03:55:08,LinkedIn,-20.00,0.00,CHF,COMPLETED,378.64
CARD_PAYMENT,Current,2023-08-27 19:11:16,2023-08-29 04:13:40,Olympia Odos,-2.21,0.02,CHF,COMPLETED,376.41
CARD_PAYMENT,Current,2023-08-27 18:54:02,2023-08-29 04:13:40,Olympia Odos,-1.73,0.02,CHF,COMPLETED,374.66
CARD_PAYMENT,Current,2023-08-27 19:44:28,2023-08-29 04:13:40,Olympia Odos,-3.16,0.03,CHF,COMPLETED,371.47
CARD_PAYMENT,Current,2023-08-27 18:30:07,2023-08-29 04:13:41,Olympia Odos,-2.01,0.02,CHF,COMPLETED,369.44
CARD_PAYMENT,Current,2023-08-27 20:05:43,2023-08-29 04:13:41,Olympia Odos,-2.21,0.02,CHF,COMPLETED,367.21
CARD_PAYMENT,Current,2023-08-27 17:02:58,2023-08-29 14:26:37,Γευστικόν Γλυφάδα,-10.05,0.10,CHF,COMPLETED,357.06
CARD_PAYMENT,Current,2023-08-26 15:13:39,2023-08-29 18:32:13,Nikolaos Amoiradakis,-51.49,0.51,CHF,COMPLETED,305.06
CARD_PAYMENT,Current,2023-08-29 20:56:55,2023-08-30 14:10:22,Aspropyrgos,-19.14,0.00,CHF,COMPLETED,285.92
CARD_PAYMENT,Current,2023-08-29 00:03:42,2023-08-30 15:16:44,Onirodromio,-57.48,0.00,CHF,COMPLETED,228.44
CARD_PAYMENT,Current,2023-08-29 19:36:23,2023-08-31 04:02:15,Olympia Odos,-3.16,0.00,CHF,COMPLETED,225.28
CARD_PAYMENT,Current,2023-08-29 19:16:32,2023-08-31 04:02:15,Olympia Odos,-2.21,0.00,CHF,COMPLETED,223.07
CARD_PAYMENT,Current,2023-08-29 20:49:03,2023-08-31 04:02:15,Olympia Odos,-2.01,0.00,CHF,COMPLETED,221.06
CARD_PAYMENT,Current,2023-08-29 20:07:33,2023-08-31 04:02:15,Olympia Odos,-2.21,0.00,CHF,COMPLETED,218.85
CARD_PAYMENT,Current,2023-08-29 20:24:18,2023-08-31 04:02:15,Olympia Odos,-1.73,0.00,CHF,COMPLETED,217.12
TOPUP,Current,2023-08-31 08:10:07,2023-08-31 08:10:08,Payment from Nikolaos Kaliorakis,500.00,0.00,CHF,COMPLETED,717.12
CARD_PAYMENT,Current,2023-08-29 14:05:43,2023-08-31 16:49:34,Patreos 13,-19.16,0.00,CHF,COMPLETED,697.96
CARD_PAYMENT,Current,2023-08-31 09:42:01,2023-09-01 04:01:34,Skroutz,-16.33,0.00,CHF,COMPLETED,681.63
CARD_PAYMENT,Current,2023-08-30 18:45:56,2023-09-01 04:05:58,iStorm Γλυφάδα,-19.14,0.00,CHF,COMPLETED,662.49
CARD_PAYMENT,Current,2023-08-30 21:08:22,2023-09-01 04:06:18,Skordilis Pavlos,-9.62,0.00,CHF,COMPLETED,652.87
CARD_PAYMENT,Current,2023-08-30 18:13:35,2023-09-01 14:36:42,ZARA,-19.16,0.00,CHF,COMPLETED,633.71
CARD_PAYMENT,Current,2023-08-30 18:08:30,2023-09-01 14:36:42,ZARA,-146.73,0.00,CHF,COMPLETED,486.98
CARD_PAYMENT,Current,2023-08-31 13:36:29,2023-09-02 04:43:19,Stavros Kourkoulis,-18.25,0.00,CHF,COMPLETED,468.73
CARD_PAYMENT,Current,2023-08-31 12:38:18,2023-09-02 17:42:33,Roomie,-3.17,0.00,CHF,COMPLETED,465.56
CARD_PAYMENT,Current,2023-09-03 12:06:43,2023-09-04 15:23:01,Christina Koraki,-19.61,0.20,CHF,COMPLETED,445.75
CARD_PAYMENT,Current,2023-09-03 12:23:43,2023-09-04 15:23:26,Amorgion Shop Tinos,-8.13,0.08,CHF,COMPLETED,437.54
CARD_PAYMENT,Current,2023-08-31 22:30:32,2023-09-04 15:24:49,Dimitrios Panitsas,-129.58,0.00,CHF,COMPLETED,307.96
CARD_PAYMENT,Current,2023-09-03 10:20:47,2023-09-05 04:12:38,Fabio Studio,-134.85,1.35,CHF,COMPLETED,171.76
CARD_PAYMENT,Current,2023-09-04 06:04:31,2023-09-05 16:11:18,Hellenic Duty Free Shops,-25.51,0.00,CHF,COMPLETED,146.25
CARD_PAYMENT,Current,2023-09-02 13:59:44,2023-09-05 16:14:15,Ta Kionia,-19.13,0.19,CHF,COMPLETED,126.93
CARD_PAYMENT,Current,2023-09-02 00:04:55,2023-09-05 16:14:41,The Village,-14.35,0.14,CHF,COMPLETED,112.44
CARD_PAYMENT,Current,2023-09-04 06:09:22,2023-09-06 04:10:08,WHSmith,-1.25,0.00,CHF,COMPLETED,111.19
CARD_PAYMENT,Current,2023-09-04 05:49:26,2023-09-06 04:11:11,Aegean Airlines,-5.74,0.00,CHF,COMPLETED,105.45
CARD_PAYMENT,Current,2023-09-08 07:50:53,2023-09-09 15:33:52,efood,-9.86,0.00,CHF,COMPLETED,95.59
TRANSFER,Current,2023-09-23 00:03:27,2023-09-23 00:03:27,Transfer to Revolut user,-18.00,0.00,CHF,COMPLETED,77.59
CARD_PAYMENT,Current,2023-09-25 12:49:19,2023-09-26 14:27:15,Citizenimm Eapps Enligne,-4.74,0.00,CHF,COMPLETED,72.85
CARD_PAYMENT,Current,2023-09-28 19:31:04,2023-09-29 06:47:42,LinkedIn,-20.00,0.00,CHF,COMPLETED,52.85
TOPUP,Current,2023-09-29 08:09:02,2023-09-29 08:09:02,Payment from Nikolaos Kaliorakis,1000.00,0.00,CHF,COMPLETED,1052.85
CARD_PAYMENT,Current,2023-09-29 09:42:20,2023-09-30 15:19:17,Lagkagehuset,-13.27,0.00,CHF,COMPLETED,1039.58
CARD_PAYMENT,Current,2023-09-29 20:54:43,2023-09-30 15:43:41,Union Pearson Express,-8.36,0.00,CHF,COMPLETED,1031.22
CARD_PAYMENT,Current,2023-09-30 04:56:12,2023-09-30 19:29:34,Sheraton Centre Toronto Hotel,-17.57,0.18,CHF,COMPLETED,1013.47
CARD_PAYMENT,Current,2023-09-30 00:58:40,2023-09-30 19:29:34,Sheraton Centre Toronto Hotel,-8.79,0.09,CHF,COMPLETED,1004.59
CARD_PAYMENT,Current,2023-10-01 00:03:49,2023-10-01 13:40:46,Rudy Resto,-10.53,0.11,CHF,COMPLETED,993.95
CARD_PAYMENT,Current,2023-10-01 04:24:06,2023-10-01 17:37:31,7-Eleven,-7.67,0.08,CHF,COMPLETED,986.20
CARD_PAYMENT,Current,2023-09-30 00:18:09,2023-10-01 17:39:44,Chick-fil-A,-10.30,0.10,CHF,COMPLETED,975.80
CARD_PAYMENT,Current,2023-09-30 23:47:36,2023-10-02 03:59:02,Oneplus One Mobile,-2.30,0.02,CHF,COMPLETED,973.48
CARD_PAYMENT,Current,2023-10-01 15:34:31,2023-10-02 15:31:56,Tim Hortons,-12.39,0.12,CHF,COMPLETED,960.97
CARD_PAYMENT,Current,2023-10-01 21:21:33,2023-10-02 18:41:58,Sheraton Centre Toronto Hotel,-3.79,0.04,CHF,COMPLETED,957.14
CARD_PAYMENT,Current,2023-10-02 16:47:18,2023-10-03 14:17:46,Sunset Grill,-26.24,0.00,CHF,COMPLETED,930.90
CARD_PAYMENT,Current,2023-10-03 17:58:12,2023-10-04 13:11:15,Daily Blends Union Bus,-8.37,0.00,CHF,COMPLETED,922.53
CARD_PAYMENT,Current,2023-10-03 06:07:39,2023-10-04 13:11:17,Town Crier,-9.82,0.00,CHF,COMPLETED,912.71
CARD_PAYMENT,Current,2023-10-04 04:52:25,2023-10-04 13:11:17,Piano Piano Colborne,-37.28,0.00,CHF,COMPLETED,875.43
CARD_PAYMENT,Current,2023-10-03 06:14:03,2023-10-04 13:19:29,Quik Mart,-4.55,0.00,CHF,COMPLETED,870.88
CARD_PAYMENT,Current,2023-10-03 15:31:58,2023-10-04 14:02:37,Dispatch,-4.49,0.00,CHF,COMPLETED,866.39
CARD_PAYMENT,Current,2023-10-03 17:38:53,2023-10-04 14:02:41,INS Market,-4.52,0.00,CHF,COMPLETED,861.87
CARD_PAYMENT,Current,2023-10-03 16:17:54,2023-10-04 14:31:00,MegaBus,-41.08,0.00,CHF,COMPLETED,820.79
CARD_PAYMENT,Current,2023-10-04 18:24:49,2023-10-05 04:11:06,Olive’s Room,-21.65,0.00,CHF,COMPLETED,799.14
CARD_PAYMENT,Current,2023-10-03 22:44:05,2023-10-05 13:43:49,Falls Avenue Resort,-3.28,0.00,CHF,COMPLETED,795.86
CARD_PAYMENT,Current,2023-10-03 22:22:55,2023-10-05 13:43:49,Starbucks,-47.35,0.00,CHF,COMPLETED,748.51
CARD_PAYMENT,Current,2023-10-03 21:54:07,2023-10-05 13:50:39,Wendy's,-9.66,0.00,CHF,COMPLETED,738.85
CARD_PAYMENT,Current,2023-10-04 20:25:49,2023-10-05 14:50:56,Dispatch,-5.43,0.00,CHF,COMPLETED,733.42
CARD_PAYMENT,Current,2023-10-03 17:55:50,2023-10-05 18:10:37,Adaria Vending Services,-2.03,0.00,CHF,COMPLETED,731.39
CARD_PAYMENT,Current,2023-10-04 05:16:59,2023-10-05 18:10:37,7-Eleven,-5.12,0.00,CHF,COMPLETED,726.27
CARD_PAYMENT,Current,2023-10-04 23:54:21,2023-10-05 18:23:07,RELAY,-63.44,0.00,CHF,COMPLETED,662.83
CARD_PAYMENT,Current,2023-10-04 19:54:33,2023-10-05 18:23:07,Blue Jays Way,-66.79,0.00,CHF,COMPLETED,596.04
CARD_PAYMENT,Current,2023-10-04 19:54:46,2023-10-05 18:23:07,Blue Jays Way,-36.25,0.00,CHF,COMPLETED,559.79
CARD_PAYMENT,Current,2023-10-04 19:54:23,2023-10-05 18:23:07,Blue Jays Way,-66.79,0.00,CHF,COMPLETED,493.00
CARD_PAYMENT,Current,2023-10-05 14:39:59,2023-10-06 03:42:38,Medium,-4.60,0.00,CHF,COMPLETED,488.40
CARD_PAYMENT,Current,2023-10-05 00:15:45,2023-10-06 13:47:34,Built Custom Burgers,-14.72,0.00,CHF,COMPLETED,473.68
CARD_PAYMENT,Current,2023-10-07 21:19:33,2023-10-08 12:59:52,SBB CFF FFS,-3.10,0.00,CHF,COMPLETED,470.58
CARD_PAYMENT,Current,2023-10-10 13:14:50,2023-10-11 06:35:04,SBB CFF FFS,-2.30,0.00,CHF,COMPLETED,468.28
CARD_PAYMENT,Current,2023-10-16 10:45:33,2023-10-17 15:43:11,Goethe-Institut Tschechien,-113.40,0.00,CHF,COMPLETED,354.88
CARD_PAYMENT,Current,2023-10-18 17:53:01,2023-10-19 06:44:30,Migros,-26.00,0.00,CHF,COMPLETED,328.88
CARD_PAYMENT,Current,2023-10-18 19:48:08,2023-10-19 13:35:45,Goethe-Institut Tschechien,-120.98,0.00,CHF,COMPLETED,207.90
CARD_PAYMENT,Current,2023-10-19 11:47:40,2023-10-20 03:52:28,Too Good To Go,-9.90,0.00,CHF,COMPLETED,198.00
CARD_PAYMENT,Current,2023-10-14 19:43:15,2023-10-20 03:52:30,Orell Füssli,-41.80,0.00,CHF,COMPLETED,156.20
CARD_PAYMENT,Current,2023-10-19 22:30:02,2023-10-20 06:38:59,Tibits,-10.00,0.00,CHF,COMPLETED,146.20
CARD_PAYMENT,Current,2023-10-19 11:46:53,2023-10-20 07:07:18,Too Good To Go,-8.90,0.00,CHF,COMPLETED,137.30
CARD_PAYMENT,Current,2023-10-20 09:37:38,2023-10-21 07:12:23,Too Good To Go,-11.90,0.00,CHF,COMPLETED,125.40
CARD_PAYMENT,Current,2023-10-20 09:36:40,2023-10-21 07:12:23,Too Good To Go,-5.90,0.00,CHF,COMPLETED,119.50
CARD_PAYMENT,Current,2023-10-21 23:18:35,2023-10-22 16:23:40,Hellenic Stude,-10.00,0.00,CHF,COMPLETED,109.50
CARD_PAYMENT,Current,2023-10-21 23:20:36,2023-10-22 16:23:40,Hellenic Stude,-5.00,0.00,CHF,COMPLETED,104.50
CARD_PAYMENT,Current,2023-10-22 02:23:24,2023-10-23 03:36:05,Hellenic Stude,-4.00,0.00,CHF,COMPLETED,100.50
CARD_PAYMENT,Current,2023-10-22 22:57:50,2023-10-23 07:05:54,Calm,-37.54,0.38,CHF,COMPLETED,62.58
CARD_PAYMENT,Current,2023-10-26 20:06:37,2023-10-27 06:35:51,SBB CFF FFS,-3.10,0.00,CHF,COMPLETED,59.48
CARD_PAYMENT,Current,2023-10-27 20:53:09,2023-10-28 06:40:15,SBB CFF FFS,-3.10,0.00,CHF,COMPLETED,56.38
CARD_PAYMENT,Current,2023-10-28 12:30:07,2023-10-29 11:03:43,SBB CFF FFS,-6.80,0.00,CHF,COMPLETED,49.58
CARD_PAYMENT,Current,2023-10-28 13:28:03,2023-10-29 11:05:28,IKEA,-12.50,0.00,CHF,COMPLETED,37.08
CARD_PAYMENT,Current,2023-11-03 07:02:56,2023-11-04 12:50:28,SBB CFF FFS,-6.80,0.00,CHF,COMPLETED,30.28
TOPUP,Current,2023-11-06 08:16:34,2023-11-06 08:16:34,Payment from Nikolaos Kaliorakis,1000.00,0.00,CHF,COMPLETED,1030.28
CARD_PAYMENT,Current,2023-11-05 16:38:32,2023-11-06 14:02:30,Medium,-4.51,0.05,CHF,COMPLETED,1025.72
CARD_PAYMENT,Current,2023-11-07 18:24:44,2023-11-08 05:52:25,OpenAI,-9.73,0.00,CHF,COMPLETED,1015.99
CARD_PAYMENT,Current,2023-11-07 14:35:48,2023-11-08 16:54:47,The Hub Events Ae,-100.26,0.00,CHF,COMPLETED,915.73
CARD_PAYMENT,Current,2023-11-07 14:26:00,2023-11-09 03:12:18,Aegean Airlines,-763.58,0.00,CHF,COMPLETED,152.15
CARD_PAYMENT,Current,2023-11-07 14:29:55,2023-11-09 03:12:18,Aegean Airlines,-61.98,0.00,CHF,COMPLETED,90.17
CARD_PAYMENT,Current,2023-11-11 08:00:23,2023-11-12 13:30:17,SBB CFF FFS,-3.40,0.00,CHF,COMPLETED,86.77
TOPUP,Current,2023-11-13 08:10:11,2023-11-13 08:10:13,Payment from Nikolaos Kaliorakis,500.00,0.00,CHF,COMPLETED,586.77
CARD_PAYMENT,Current,2023-11-13 14:47:04,2023-11-14 03:04:05,Skroutz,-45.52,0.00,CHF,COMPLETED,541.25
CARD_PAYMENT,Current,2023-11-11 19:10:26,2023-11-14 03:07:27,Fivis 15,-58.00,0.58,CHF,COMPLETED,482.67
CARD_PAYMENT,Current,2023-11-12 02:21:49,2023-11-14 15:42:48,Premier Capital Ell,-11.99,0.12,CHF,COMPLETED,470.56
EXCHANGE,Current,2023-11-14 22:04:29,2023-11-14 22:04:29,Exchange to EUR,-10.00,0.00,CHF,COMPLETED,460.56
TRANSFER,Current,2023-11-14 22:09:20,2023-11-14 22:09:20,Transfer to Revolut user,-10.00,0.00,CHF,COMPLETED,450.56
CARD_PAYMENT,Current,2023-11-14 16:56:02,2023-11-15 03:14:42,Bookpath,-13.08,0.00,CHF,COMPLETED,437.48
CARD_PAYMENT,Current,2023-11-14 09:47:22,2023-11-15 14:08:51,Cafe Ami∙goes,-9.09,0.00,CHF,COMPLETED,428.39
CARD_PAYMENT,Current,2023-11-14 19:38:47,2023-11-16 03:04:24,AB,-20.22,0.00,CHF,COMPLETED,408.17
CARD_PAYMENT,Current,2023-11-15 17:11:34,2023-11-17 03:15:42,AB,-28.08,0.00,CHF,COMPLETED,380.09
CARD_PAYMENT,Current,2023-11-15 11:22:55,2023-11-17 03:15:45,MARKET IN,-3.86,0.00,CHF,COMPLETED,376.23
CARD_PAYMENT,Current,2023-11-15 16:40:55,2023-11-17 16:21:09,Rumors,-24.13,0.00,CHF,COMPLETED,352.10
CARD_PAYMENT,Current,2023-11-16 11:01:22,2023-11-18 03:02:16,Fystiki Shop,-4.26,0.00,CHF,COMPLETED,347.84
CARD_PAYMENT,Current,2023-11-16 11:00:57,2023-11-18 03:02:16,Fystiki Shop,-5.23,0.00,CHF,COMPLETED,342.61
CARD_PAYMENT,Current,2023-11-16 12:15:41,2023-11-18 03:17:04,Stavros Kourkoulis,-18.36,0.00,CHF,COMPLETED,324.25
CARD_PAYMENT,Current,2023-11-17 08:40:18,2023-11-18 14:41:39,Cafe Ami∙goes,-7.15,0.03,CHF,COMPLETED,317.07
CARD_PAYMENT,Current,2023-11-16 15:21:07,2023-11-18 14:57:09,Shahaj Ervin,-13.54,0.00,CHF,COMPLETED,303.53
CARD_PAYMENT,Current,2023-11-18 08:56:21,2023-11-18 20:38:30,Uber,-9.89,0.20,CHF,COMPLETED,293.44
CARD_PAYMENT,Current,2023-11-17 13:00:54,2023-11-19 03:24:20,MARKET IN,-8.23,0.08,CHF,COMPLETED,285.13
CARD_PAYMENT,Current,2023-11-17 12:07:59,2023-11-19 03:24:44,Klett Hellas Ekdotiki,-19.42,0.19,CHF,COMPLETED,265.52
CARD_PAYMENT,Current,2023-11-18 15:58:54,2023-11-20 03:51:15,efood,-5.24,0.10,CHF,COMPLETED,260.18
CARD_PAYMENT,Current,2023-11-18 13:35:59,2023-11-21 03:15:32,AB,-24.25,0.48,CHF,COMPLETED,235.45
CARD_PAYMENT,Current,2023-11-20 00:08:35,2023-11-21 03:17:03,Soridon,-6.78,0.07,CHF,COMPLETED,228.60
CARD_PAYMENT,Current,2023-11-18 10:16:41,2023-11-21 03:17:03,Syn Plin,-41.66,0.84,CHF,COMPLETED,186.10
CARD_PAYMENT,Current,2023-11-17 13:03:48,2023-11-21 14:46:31,Υπεραγορά Κρεάτων The Meat Master Ζωγράφου,-10.66,0.11,CHF,COMPLETED,175.33
CARD_PAYMENT,Current,2023-11-18 13:12:17,2023-11-21 14:46:40,Τρομερό Παιδί,-6.50,0.12,CHF,COMPLETED,168.71
CARD_PAYMENT,Current,2023-11-18 21:05:52,2023-11-21 14:47:22,Ilias S Georgiopoulos,-9.69,0.20,CHF,COMPLETED,158.82
CARD_PAYMENT,Current,2023-11-18 11:00:07,2023-11-21 14:47:34,Texto,-22.48,0.44,CHF,COMPLETED,135.90
CARD_PAYMENT,Current,2023-11-18 20:53:56,2023-11-21 14:47:43,Kinimatografos Danaos,-17.44,0.34,CHF,COMPLETED,118.12
CARD_PAYMENT,Current,2023-11-20 22:12:25,2023-11-22 02:43:54,efood,-6.80,0.07,CHF,COMPLETED,111.25
CARD_PAYMENT,Current,2023-11-20 10:31:26,2023-11-22 03:01:04,Antheon Tyropita Santouits Kafe,-10.84,0.11,CHF,COMPLETED,100.30
TOPUP,Current,2023-11-22 08:08:36,2023-11-22 08:08:36,Payment from Nikolaos Kaliorakis,600.00,0.00,CHF,COMPLETED,700.30
CARD_PAYMENT,Current,2023-11-21 18:44:50,2023-11-23 03:16:31,AB,-21.78,0.22,CHF,COMPLETED,678.30
CARD_PAYMENT,Current,2023-11-21 15:53:37,2023-11-23 03:16:50,Teras,-26.17,0.26,CHF,COMPLETED,651.87
CARD_PAYMENT,Current,2023-11-22 12:35:49,2023-11-23 14:25:31,Different Beast,-30.91,0.31,CHF,COMPLETED,620.65
CARD_PAYMENT,Current,2023-11-22 15:31:31,2023-11-23 14:25:42,Starbucks,-5.56,0.06,CHF,COMPLETED,615.03
CARD_PAYMENT,Current,2023-11-22 17:58:47,2023-11-23 14:25:46,S. Empioglou Kai Sia E,-2.51,0.03,CHF,COMPLETED,612.49
CARD_PAYMENT,Current,2023-11-22 09:24:02,2023-11-24 03:16:26,Aegean Airlines,-55.76,0.56,CHF,COMPLETED,556.17
CARD_PAYMENT,Current,2023-11-22 23:48:52,2023-11-24 03:16:43,Cafe Αερόστατο,-33.80,0.34,CHF,COMPLETED,522.03
CARD_PAYMENT,Current,2023-11-23 18:06:48,2023-11-24 14:55:42,Poulianos Euaggelos P,-5.80,0.06,CHF,COMPLETED,516.17
CARD_PAYMENT,Current,2023-11-23 09:15:34,2023-11-24 19:55:48,efood,-6.18,0.06,CHF,COMPLETED,509.93
CARD_PAYMENT,Current,2023-11-24 22:11:52,2023-11-25 04:13:26,Uber,-0.97,0.01,CHF,COMPLETED,508.95
CARD_PAYMENT,Current,2023-11-24 22:01:48,2023-11-25 04:13:26,Uber,-7.02,0.07,CHF,COMPLETED,501.86
CARD_PAYMENT,Current,2023-11-25 00:23:14,2023-11-25 06:04:06,Uber,-9.00,0.18,CHF,COMPLETED,492.68
CARD_PAYMENT,Current,2023-11-24 09:35:56,2023-11-25 15:42:48,Cafe Ami∙goes,-4.84,0.05,CHF,COMPLETED,487.79
CARD_PAYMENT,Current,2023-11-24 15:32:00,2023-11-25 15:42:58,S. Empioglou Kai Sia E,-3.97,0.04,CHF,COMPLETED,483.78
CARD_PAYMENT,Current,2023-11-25 22:31:35,2023-11-26 14:31:36,Ace Burger Company I.k,-54.18,1.08,CHF,COMPLETED,428.52
CARD_PAYMENT,Current,2023-11-24 23:36:42,2023-11-26 14:49:17,Wine is fine,-82.23,1.64,CHF,COMPLETED,344.65
CARD_PAYMENT,Current,2023-11-25 14:53:06,2023-11-27 02:45:08,efood,-3.87,0.08,CHF,COMPLETED,340.70
CARD_PAYMENT,Current,2023-11-25 17:02:39,2023-11-27 03:01:36,BP,-29.03,0.58,CHF,COMPLETED,311.09
CARD_PAYMENT,Current,2023-11-26 11:30:27,2023-11-28 15:54:21,KEP Dimou Zografou,-5.81,0.06,CHF,COMPLETED,305.22
CARD_PAYMENT,Current,2023-11-27 15:25:08,2023-11-29 03:11:45,Antheon Tyropita Santouits Kafe,-15.44,0.00,CHF,COMPLETED,289.78
CARD_PAYMENT,Current,2023-11-28 18:31:01,2023-11-29 13:19:58,LinkedIn,-39.99,0.00,CHF,COMPLETED,249.79
CARD_PAYMENT,Current,2023-11-28 06:06:06,2023-11-30 03:18:16,Hellenic Duty Free Shops,-15.43,0.00,CHF,COMPLETED,234.36
CARD_PAYMENT,Current,2023-11-28 06:17:57,2023-11-30 03:18:16,Hellenic Duty Free Shops,-38.36,0.00,CHF,COMPLETED,196.00
CARD_PAYMENT,Current,2023-11-28 21:59:06,2023-11-30 05:38:37,SBB CFF FFS,-3.10,0.00,CHF,COMPLETED,192.90
CARD_PAYMENT,Current,2023-11-28 06:12:16,2023-11-30 15:06:27,Hellenic Duty Free Shops,-19.60,0.00,CHF,COMPLETED,173.30
CARD_PAYMENT,Current,2023-11-30 12:12:47,2023-12-01 05:35:04,SBB CFF FFS,-2.30,0.00,CHF,COMPLETED,171.00
CARD_PAYMENT,Current,2023-11-30 12:55:26,2023-12-01 05:35:04,SBB CFF FFS,-6.20,0.00,CHF,COMPLETED,164.80
CARD_PAYMENT,Current,2023-12-01 13:12:25,2023-12-02 14:54:38,SBB CFF FFS,-13.00,0.00,CHF,COMPLETED,151.80
CARD_PAYMENT,Current,2023-12-03 03:36:31,,Uber,-15.24,0.00,CHF,REVERTED,
CARD_PAYMENT,Current,2023-12-03 03:41:54,,Uber,-15.46,0.00,CHF,REVERTED,
CARD_PAYMENT,Current,2023-12-03 03:44:18,,Uber,-15.46,0.00,CHF,REVERTED,
CARD_PAYMENT,Current,2023-12-02 19:53:53,2023-12-03 12:26:33,SBB CFF FFS,-3.10,0.00,CHF,COMPLETED,148.70
CARD_PAYMENT,Current,2023-12-02 12:21:14,2023-12-04 13:49:01,Uber,-59.63,0.00,CHF,COMPLETED,89.07
CARD_PAYMENT,Current,2023-12-03 12:18:35,2023-12-04 13:49:01,Uber,-20.40,0.00,CHF,COMPLETED,68.67
CARD_PAYMENT,Current,2023-12-03 03:29:57,2023-12-04 13:49:01,Uber,-1.00,0.00,CHF,COMPLETED,67.67
CARD_PAYMENT,Current,2023-12-03 04:16:15,2023-12-04 13:49:01,Uber,-2.00,0.00,CHF,COMPLETED,65.67
CARD_PAYMENT,Current,2023-12-03 03:59:55,2023-12-04 13:49:01,Uber,-13.55,0.00,CHF,COMPLETED,52.12
CARD_PAYMENT,Current,2023-12-03 13:00:04,2023-12-04 13:49:01,Uber,-1.00,0.00,CHF,COMPLETED,51.12
CARD_PAYMENT,Current,2023-12-04 13:31:46,2023-12-05 05:30:10,SBB CFF FFS,-6.20,0.00,CHF,COMPLETED,44.92
CARD_PAYMENT,Current,2023-12-05 15:37:24,2023-12-06 03:36:17,Medium,-4.39,0.00,CHF,COMPLETED,40.53
CARD_PAYMENT,Current,2023-12-05 21:42:04,2023-12-06 05:37:16,SBB CFF FFS,-15.00,0.00,CHF,COMPLETED,25.53
CARD_PAYMENT,Current,2023-12-07 15:29:53,2023-12-08 05:36:22,SBB CFF FFS,-6.20,0.00,CHF,COMPLETED,19.33
CARD_PAYMENT,Current,2023-12-10 11:52:49,2023-12-11 05:49:16,SBB CFF FFS,-7.00,0.00,CHF,COMPLETED,12.33
CARD_PAYMENT,Current,2023-12-16 13:45:39,2023-12-17 14:16:17,SBB CFF FFS,-2.40,0.00,CHF,COMPLETED,9.93
TOPUP,Current,2023-12-27 08:22:09,2023-12-27 08:22:09,Payment from Nikolaos Kaliorakis,800.00,0.00,CHF,COMPLETED,809.93
CARD_PAYMENT,Current,2023-12-27 06:40:13,2023-12-28 07:22:12,Pret,-3.40,0.00,CHF,COMPLETED,806.53
CARD_PAYMENT,Current,2023-12-27 08:44:01,2023-12-28 14:33:31,St Oberholz,-4.37,0.00,CHF,COMPLETED,802.16
CARD_PAYMENT,Current,2023-12-27 11:04:27,2023-12-28 14:33:32,St Oberholz,-6.80,0.00,CHF,COMPLETED,795.36
CARD_PAYMENT,Current,2023-12-28 19:45:11,2023-12-29 13:54:04,BioMarkt,-10.19,0.00,CHF,COMPLETED,785.17
CARD_PAYMENT,Current,2023-12-28 18:31:09,2023-12-29 15:53:32,LinkedIn,-39.99,0.00,CHF,COMPLETED,745.18
EXCHANGE,Current,2023-12-29 21:40:46,2023-12-29 21:40:46,Exchange to EUR,-29.00,0.00,CHF,COMPLETED,716.18
CARD_PAYMENT,Current,2023-12-29 15:50:23,2023-12-30 05:37:24,BioMarkt,-4.94,0.00,CHF,COMPLETED,711.24
CARD_PAYMENT,Current,2023-12-29 18:43:34,2023-12-30 15:56:53,Two Group Veranstaltungs Gmbh,-4.66,0.00,CHF,COMPLETED,706.58
CARD_PAYMENT,Current,2023-12-29 23:19:10,2023-12-30 15:57:00,Himmel Uber Neukolln U,-12.30,0.12,CHF,COMPLETED,694.16
CARD_PAYMENT,Current,2023-12-30 16:46:15,2023-12-31 02:50:30,UNIQLO,-241.47,2.41,CHF,COMPLETED,450.28
CARD_PAYMENT,Current,2023-12-30 15:29:07,2023-12-31 06:03:45,Ormado Kaffeehaus,-3.26,0.03,CHF,COMPLETED,446.99
CARD_PAYMENT,Current,2023-12-30 22:49:22,2023-12-31 13:39:13,Space Meduza,-12.81,0.13,CHF,COMPLETED,434.05
CARD_PAYMENT,Current,2023-12-30 19:15:23,2023-12-31 17:48:19,Der Goldene Hahn,-59.60,0.60,CHF,COMPLETED,373.85
CARD_PAYMENT,Current,2023-12-31 15:25:56,2024-01-01 05:35:12,Princess Cheesecake,-33.78,0.34,CHF,COMPLETED,339.73
CARD_PAYMENT,Current,2023-12-31 16:20:29,2024-01-01 06:04:05,Herbert Olbric,-7.92,0.08,CHF,COMPLETED,331.73
EXCHANGE,Current,2024-01-02 23:32:41,2024-01-02 23:32:41,Exchange to EUR,-100.00,0.00,CHF,COMPLETED,231.73
CARD_PAYMENT,Current,2024-01-02 10:32:44,2024-01-03 02:48:08,BioMarkt,-5.54,0.00,CHF,COMPLETED,226.19
CARD_PAYMENT,Current,2024-01-02 10:33:47,2024-01-03 02:48:08,BioMarkt,-2.15,0.00,CHF,COMPLETED,224.04
CARD_PAYMENT,Current,2024-01-02 17:19:10,2024-01-03 02:54:15,Cafe Im Futurium,-3.73,0.00,CHF,COMPLETED,220.31
CARD_PAYMENT,Current,2024-01-02 15:13:28,2024-01-03 05:39:49,BioMarkt,-3.64,0.00,CHF,COMPLETED,216.67
CARD_PAYMENT,Current,2024-01-02 18:41:40,2024-01-03 06:16:17,Shiso Burger,-21.45,0.00,CHF,COMPLETED,195.22
TOPUP,Current,2024-01-03 08:09:53,2024-01-03 08:09:53,Payment from Nikolaos Kaliorakis,300.00,0.00,CHF,COMPLETED,495.22
CARD_PAYMENT,Current,2024-01-03 13:35:15,2024-01-04 14:32:28,St Oberholz,-8.02,0.00,CHF,COMPLETED,487.20
CARD_PAYMENT,Current,2024-01-03 16:38:45,2024-01-04 14:44:34,Dsm Deutsche S,-32.56,0.00,CHF,COMPLETED,454.64
EXCHANGE,Current,2024-01-04 15:30:05,2024-01-04 15:30:05,Exchange to EUR,-100.00,0.00,CHF,COMPLETED,354.64
CARD_PAYMENT,Current,2024-01-03 22:15:31,2024-01-04 15:48:58,KUCHI Mitte,-52.99,0.00,CHF,COMPLETED,301.65
CARD_PAYMENT,Current,2024-01-04 08:44:15,2024-01-05 02:48:12,BioMarkt,-9.02,0.00,CHF,COMPLETED,292.63
CARD_PAYMENT,Current,2024-01-04 19:26:03,2024-01-05 05:22:32,Coop,-50.30,0.00,CHF,COMPLETED,242.33
CARD_PAYMENT,Current,2024-01-02 15:08:37,2024-01-05 15:22:38,Deutsche Bahn,-132.13,0.00,CHF,COMPLETED,110.20
CARD_PAYMENT,Current,2024-01-05 17:03:53,2024-01-06 03:28:52,Medium,-4.25,0.00,CHF,COMPLETED,105.95
CARD_PAYMENT,Current,2024-01-06 19:34:44,2024-01-07 15:22:38,Coop,-13.75,0.00,CHF,COMPLETED,92.20
CARD_PAYMENT,Current,2024-01-07 16:36:12,2024-01-08 05:26:34,k-kiosk,-4.20,0.00,CHF,COMPLETED,88.00
CARD_PAYMENT,Current,2024-01-07 12:58:53,2024-01-08 05:26:54,Restaurant Biselli,-22.00,0.00,CHF,COMPLETED,66.00
CARD_PAYMENT,Current,2024-01-07 07:49:36,2024-01-08 15:00:46,Selecta,-5.00,0.00,CHF,COMPLETED,61.00
CARD_PAYMENT,Current,2024-01-06 15:04:59,2024-01-09 04:15:16,Aegean Airlines,-30.49,0.30,CHF,COMPLETED,30.21
TRANSFER,Current,2024-01-12 16:48:19,2024-01-12 16:48:19,Transfer from Revolut user,50.00,0.00,CHF,COMPLETED,80.21
CARD_PAYMENT,Current,2024-01-12 17:14:01,2024-01-13 05:31:04,Ad Pro,-42.64,0.00,CHF,COMPLETED,37.57
TOPUP,Current,2024-01-15 08:04:06,2024-01-15 08:04:06,Payment from Nikolaos Kaliorakis,100.00,0.00,CHF,COMPLETED,137.57
TRANSFER,Current,2024-01-15 08:33:38,2024-01-15 08:33:38,Transfer to Revolut user,-50.00,0.00,CHF,COMPLETED,87.57
CARD_PAYMENT,Current,2024-01-17 10:23:05,2024-01-18 02:27:30,Apple,-1.00,0.00,CHF,COMPLETED,86.57
CARD_PAYMENT,Current,2024-01-18 00:18:52,2024-01-18 14:09:29,OnlyFans,-9.36,0.00,CHF,COMPLETED,77.21
CARD_PAYMENT,Current,2024-01-25 18:52:44,2024-01-26 06:49:57,Microsoft Store,-1.95,0.00,CHF,COMPLETED,75.26
CARD_PAYMENT,Current,2024-01-25 20:13:42,2024-01-27 05:31:56,PubliBike,-3.10,0.00,CHF,COMPLETED,72.16
CARD_PAYMENT,Current,2024-01-30 20:52:12,2024-02-01 13:36:02,Hostpoint,-5.00,0.00,CHF,COMPLETED,67.16
CARD_PAYMENT,Current,2024-01-31 09:11:01,2024-02-02 03:44:55,efood,-3.94,0.00,CHF,COMPLETED,63.22
CARD_PAYMENT,Current,2024-02-01 16:32:11,2024-02-02 03:59:13,OpenAI,-46.68,0.00,CHF,COMPLETED,16.54
TOPUP,Current,2024-02-02 08:05:51,2024-02-02 08:05:51,Payment from Nikolaos Kaliorakis,200.00,0.00,CHF,COMPLETED,216.54
CARD_PAYMENT,Current,2024-02-03 13:06:16,2024-02-04 14:35:18,Starbucks,-4.41,0.04,CHF,COMPLETED,212.09
CARD_PAYMENT,Current,2024-02-04 17:15:34,2024-02-05 03:20:59,Apple,-20.00,0.00,CHF,COMPLETED,192.09
CARD_PAYMENT,Current,2024-02-03 12:45:34,2024-02-05 14:04:34,Ippokratous 37,-8.44,0.08,CHF,COMPLETED,183.57
CARD_PAYMENT,Current,2024-02-05 14:36:05,2024-02-06 03:31:44,Medium,-4.36,0.00,CHF,COMPLETED,179.21
CARD_PAYMENT,Current,2024-02-04 11:16:40,2024-02-06 04:05:42,Tanto Cafe,-2.07,0.02,CHF,COMPLETED,177.12
CARD_PAYMENT,Current,2024-02-05 06:15:14,2024-02-07 14:40:48,Hellenic Duty Free Shops,-14.97,0.00,CHF,COMPLETED,162.15
CARD_PAYMENT,Current,2024-02-07 20:45:26,,Reseau Eborn 38,-37.76,0.00,CHF,REVERTED,
CARD_PAYMENT,Current,2024-02-07 22:14:11,,Reseau Eborn 38,-37.75,0.00,CHF,REVERTED,
TOPUP,Current,2024-02-08 08:06:39,2024-02-08 08:06:39,Payment from Nikolaos Kaliorakis,500.00,0.00,CHF,COMPLETED,662.15
CARD_PAYMENT,Current,2024-02-08 09:44:38,2024-02-09 05:54:49,Chantebise 2100,-11.41,0.00,CHF,COMPLETED,650.74
CARD_PAYMENT,Current,2024-02-08 21:26:50,2024-02-09 14:32:17,Hotel Grande Rousse,-93.45,0.00,CHF,COMPLETED,557.29
CARD_PAYMENT,Current,2024-02-08 14:27:31,2024-02-10 13:47:39,La Folie Douce,-20.74,0.00,CHF,COMPLETED,536.55
CARD_PAYMENT,Current,2024-02-09 22:47:03,2024-02-10 14:11:35,Pinocchio,-208.08,0.00,CHF,COMPLETED,328.47
CARD_PAYMENT,Current,2024-02-10 14:17:33,2024-02-11 14:27:26,Photo Breton,-4.54,0.05,CHF,COMPLETED,323.88
CARD_PAYMENT,Current,2024-02-11 01:35:26,2024-02-11 15:12:19,Apple,-12.90,0.00,CHF,COMPLETED,310.98
CARD_PAYMENT,Current,2024-02-09 12:34:21,2024-02-11 17:50:56,L Ile D Oz,-32.12,0.00,CHF,COMPLETED,278.86
TRANSFER,Current,2024-02-12 12:01:21,2024-02-12 12:01:21,Transfer to Revolut user,-75.59,0.00,CHF,COMPLETED,203.27
CARD_PAYMENT,Current,2024-02-12 04:58:07,2024-02-12 17:29:07,Apple,-1.00,0.00,CHF,COMPLETED,202.27
CARD_PAYMENT,Current,2024-02-13 11:21:45,2024-02-14 16:40:14,efood,-24.77,0.00,CHF,COMPLETED,177.50
CARD_PAYMENT,Current,2024-02-18 00:33:30,2024-02-18 14:31:10,OnlyFans,-9.55,0.10,CHF,COMPLETED,167.85
TRANSFER,Current,2024-02-19 19:39:50,2024-02-19 19:39:50,Transfer from Revolut user,10.00,0.00,CHF,COMPLETED,177.85
TRANSFER,Current,2024-02-19 19:40:32,2024-02-19 19:40:32,Transfer from Revolut user,10.00,0.00,CHF,COMPLETED,187.85
CARD_PAYMENT,Current,2024-02-21 23:42:40,2024-02-23 05:24:31,PubliBike,-0.30,0.00,CHF,COMPLETED,187.55
CARD_PAYMENT,Current,2024-02-23 19:58:37,2024-02-25 03:53:07,twilio.com,-44.12,0.00,CHF,COMPLETED,143.43
CARD_PAYMENT,Current,2024-02-25 09:33:36,,Google Ads,-20.00,0.00,CHF,REVERTED,
CARD_PAYMENT,Current,2024-02-24 16:59:24,2024-02-25 12:28:03,Postfinance Chemiseri,-18.00,0.00,CHF,COMPLETED,125.43
CARD_PAYMENT,Current,2024-02-24 16:21:28,2024-02-25 12:28:12,La Taquería,-65.60,0.00,CHF,COMPLETED,59.83
CARD_PAYMENT,Current,2024-02-25 04:39:53,2024-02-25 13:11:07,Microsoft,-1.95,0.00,CHF,COMPLETED,57.88
CARD_PAYMENT,Current,2024-02-24 20:11:49,2024-02-26 15:26:30,Exil,-2.00,0.00,CHF,COMPLETED,55.88
CARD_PAYMENT,Current,2024-03-01 08:24:23,2024-03-02 18:06:06,efood,-25.06,0.00,CHF,COMPLETED,30.82
CARD_PAYMENT,Current,2024-03-01 08:27:58,2024-03-02 18:06:08,efood,-17.38,0.00,CHF,COMPLETED,13.44
CARD_PAYMENT,Current,2024-03-03 02:36:39,2024-03-03 05:53:25,Amazon Web Services,-0.12,0.00,CHF,COMPLETED,13.32
CARD_PAYMENT,Current,2024-03-04 09:04:50,2024-03-05 06:35:29,Coop,-1.10,0.00,CHF,COMPLETED,12.22
TOPUP,Current,2024-03-05 08:10:29,2024-03-05 08:10:29,Payment from Nikolaos Kaliorakis,100.00,0.00,CHF,COMPLETED,112.22
CARD_PAYMENT,Current,2024-03-05 13:00:07,2024-03-06 03:33:00,Apple,-20.00,0.00,CHF,COMPLETED,92.22
CARD_PAYMENT,Current,2024-03-05 15:07:47,2024-03-06 06:31:02,Medium,-4.44,0.00,CHF,COMPLETED,87.78
TRANSFER,Current,2024-03-10 11:14:22,2024-03-10 11:14:22,Transfer from Revolut user,80.00,0.00,CHF,COMPLETED,167.78
CARD_PAYMENT,Current,2024-03-11 00:35:33,2024-03-11 13:52:31,Apple,-12.90,0.00,CHF,COMPLETED,154.88
CARD_PAYMENT,Current,2024-03-08 22:03:25,2024-03-11 14:34:36,Goethe-Institut Tschechien,-52.91,0.00,CHF,COMPLETED,101.97
CARD_PAYMENT,Current,2024-03-10 19:56:32,2024-03-11 14:50:33,Too Good To Go,-17.80,0.00,CHF,COMPLETED,84.17
CARD_PAYMENT,Current,2024-03-12 04:00:26,2024-03-12 20:45:58,Apple,-1.00,0.00,CHF,COMPLETED,83.17
TRANSFER,Current,2024-03-12 21:47:11,2024-03-12 21:47:11,Transfer from Revolut user,84.60,0.00,CHF,COMPLETED,167.77
CARD_PAYMENT,Current,2024-03-12 17:33:09,2024-03-13 02:46:24,Microsoft,-6.95,0.00,CHF,COMPLETED,160.82
CARD_PAYMENT,Current,2024-03-12 11:37:51,2024-03-14 02:48:59,Aegean Airlines,-37.90,0.00,CHF,COMPLETED,122.92
CARD_PAYMENT,Current,2024-03-19 08:08:15,2024-03-20 16:47:51,efood,-6.20,0.00,CHF,COMPLETED,116.72
TOPUP,Current,2024-03-22 08:07:29,2024-03-22 08:07:29,Payment from Nikolaos Kaliorakis,500.00,0.00,CHF,COMPLETED,616.72
CARD_PAYMENT,Current,2024-03-22 16:27:30,2024-03-23 14:39:30,LOT 51,-34.08,0.00,CHF,COMPLETED,582.64
CARD_PAYMENT,Current,2024-03-21 16:07:42,2024-03-23 14:53:50,Roomie,-3.92,0.00,CHF,COMPLETED,578.72
CARD_PAYMENT,Current,2024-03-21 23:46:20,2024-03-23 14:55:28,Ama Lachei,-63.52,0.00,CHF,COMPLETED,515.20
CARD_PAYMENT,Current,2024-03-22 09:11:23,2024-03-23 17:22:00,efood,-27.03,0.00,CHF,COMPLETED,488.17
CARD_PAYMENT,Current,2024-03-23 18:40:55,2024-03-24 02:36:48,Smallable,-298.24,2.98,CHF,COMPLETED,186.95
CARD_PAYMENT,Current,2024-03-22 18:53:38,2024-03-24 04:37:24,efood,-27.35,0.00,CHF,COMPLETED,159.60
CARD_PAYMENT,Current,2024-03-24 08:58:03,2024-03-24 15:54:48,Httpscarrd.co,-15.30,0.15,CHF,COMPLETED,144.15
CARD_PAYMENT,Current,2024-03-23 12:37:41,2024-03-25 02:40:31,MARKET IN,-8.41,0.08,CHF,COMPLETED,135.66
CARD_PAYMENT,Current,2024-03-26 19:21:49,2024-03-27 01:22:10,Spotify,-13.95,0.00,CHF,COMPLETED,121.71
CARD_PAYMENT,Current,2024-03-26 13:58:40,2024-03-27 14:10:20,Roomie,-3.25,0.00,CHF,COMPLETED,118.46
CARD_PAYMENT,Current,2024-03-26 12:46:55,2024-03-28 02:58:25,Stavros Kourkoulis,-18.65,0.00,CHF,COMPLETED,99.81
TOPUP,Current,2024-03-28 08:10:57,2024-03-28 08:10:57,Payment from Nikolaos Kaliorakis,300.00,0.00,CHF,COMPLETED,399.81
CARD_PAYMENT,Current,2024-03-27 18:19:36,2024-03-28 14:33:16,Oven,-7.86,0.00,CHF,COMPLETED,391.95
CARD_PAYMENT,Current,2024-03-27 13:18:29,2024-03-29 02:51:59,Skordilis Pavlos,-8.85,0.00,CHF,COMPLETED,383.10
CARD_PAYMENT,Current,2024-03-27 14:00:03,2024-03-29 02:52:35,INTERSPORT,-78.64,0.00,CHF,COMPLETED,304.46
CARD_PAYMENT,Current,2024-03-28 22:33:32,2024-03-30 14:41:24,Roomie,-13.46,0.00,CHF,COMPLETED,291.00
CARD_PAYMENT,Current,2024-03-29 11:11:27,2024-03-31 16:32:55,Rumors,-4.39,0.00,CHF,COMPLETED,286.61
CARD_PAYMENT,Current,2024-03-30 01:19:37,2024-03-31 16:33:00,Bepari Delowar,-9.86,0.10,CHF,COMPLETED,276.65
CARD_PAYMENT,Current,2024-03-29 22:04:22,2024-03-31 16:33:00,Bepari Delowar,-4.20,0.04,CHF,COMPLETED,272.41
EXCHANGE,Current,2024-03-31 18:25:06,2024-03-31 18:25:06,Exchange to EUR,-35.00,0.00,CHF,COMPLETED,237.41
EXCHANGE,Current,2024-04-01 00:30:34,2024-04-01 00:30:34,Exchange to EUR,-41.00,0.00,CHF,COMPLETED,196.41
CARD_PAYMENT,Current,2024-03-30 02:11:23,2024-04-01 14:00:17,BarroNegro Athens,-107.39,1.07,CHF,COMPLETED,87.95
CARD_PAYMENT,Current,2024-03-30 02:30:22,2024-04-01 14:00:26,Parking Ζαλοκώστα 24h,-23.43,0.23,CHF,COMPLETED,64.29
CARD_PAYMENT,Current,2024-03-31 14:07:23,2024-04-02 03:56:08,Tanto Cafe,-4.59,0.05,CHF,COMPLETED,59.65
CARD_PAYMENT,Current,2024-03-31 08:05:22,2024-04-02 11:16:23,Aegean Airlines,-31.92,0.32,CHF,COMPLETED,27.41
CARD_PAYMENT,Current,2024-03-31 17:39:07,2024-04-02 13:52:23,To Magazi,-4.20,0.04,CHF,COMPLETED,23.17
CARD_PAYMENT,Current,2024-03-31 21:20:53,2024-04-02 13:52:28,Epi Tis Dexamenis,-15.62,0.16,CHF,COMPLETED,7.39
CARD_PAYMENT,Current,2024-03-31 20:03:25,2024-04-02 13:52:28,Epi Tis Dexamenis,-6.84,0.07,CHF,COMPLETED,0.48
TOPUP,Current,2024-04-03 08:06:40,2024-04-03 08:06:40,Payment from Nikolaos Kaliorakis,150.00,0.00,CHF,COMPLETED,150.48
CARD_PAYMENT,Current,2024-04-03 22:28:06,2024-04-04 13:20:40,Apple,-3.00,0.00,CHF,COMPLETED,147.48
CARD_PAYMENT,Current,2024-04-04 09:16:53,2024-04-04 17:33:41,Apple,-20.00,0.00,CHF,COMPLETED,127.48
CARD_PAYMENT,Current,2024-04-04 11:57:14,2024-04-05 17:04:12,Public,-24.65,0.00,CHF,COMPLETED,102.83
CARD_REFUND,Current,2024-04-04 02:00:00,2024-04-05 18:15:25,Apple,0.29,0.00,CHF,COMPLETED,103.12
CARD_PAYMENT,Current,2024-04-05 14:39:51,2024-04-06 03:26:13,Medium,-4.54,0.00,CHF,COMPLETED,98.58
CARD_PAYMENT,Current,2024-04-07 13:25:43,2024-04-08 07:23:27,Hellenic Duty Free Shops,-8.73,0.09,CHF,COMPLETED,89.76
CARD_PAYMENT,Current,2024-04-06 20:16:22,2024-04-08 15:01:52,MiniM by Panini & Coffee,-8.72,0.09,CHF,COMPLETED,80.95
CARD_PAYMENT,Current,2024-04-11 01:36:00,2024-04-11 13:39:52,Apple,-12.90,0.00,CHF,COMPLETED,68.05
CARD_PAYMENT,Current,2024-04-15 09:45:30,,LinkedIn,-1.00,0.00,CHF,REVERTED,
CARD_PAYMENT,Current,2024-04-16 10:18:08,2024-04-16 17:06:37,Jenni,-12.80,0.00,CHF,COMPLETED,55.25
CARD_PAYMENT,Current,2024-04-17 13:28:10,2024-04-17 16:36:59,Microsoft,-6.95,0.00,CHF,COMPLETED,48.30
CARD_PAYMENT,Current,2024-04-12 16:20:55,2024-04-19 03:42:00,Orell Füssli,-39.90,0.00,CHF,COMPLETED,8.40
CARD_REFUND,Current,2024-04-23 02:00:00,2024-04-25 04:27:42,Orell Füssli,20.00,0.00,CHF,COMPLETED,28.40
CARD_PAYMENT,Current,2024-04-26 20:22:03,2024-04-27 16:17:35,Spotify,-13.95,0.00,CHF,COMPLETED,14.45
CARD_PAYMENT,Current,2024-04-25 08:46:47,2024-04-30 03:34:07,Orell Füssli,-4.00,0.00,CHF,COMPLETED,10.45
CARD_PAYMENT,Current,2024-05-01 14:22:47,,Microsoft Store,-0.90,0.00,CHF,REVERTED,
CARD_PAYMENT,Current,2024-05-03 14:28:55,2024-05-04 03:37:34,Apple,-3.00,0.00,CHF,COMPLETED,7.45
CARD_PAYMENT,Current,2024-05-05 10:54:24,2024-05-05 19:48:37,Microsoft,-5.84,0.00,CHF,COMPLETED,1.61
TOPUP,Current,2024-05-08 08:08:49,2024-05-08 08:08:50,Payment from Nikolaos Kaliorakis,250.00,0.00,CHF,COMPLETED,251.61
CARD_PAYMENT,Current,2024-05-11 14:41:22,2024-05-13 03:43:13,efood,-42.38,0.42,CHF,COMPLETED,208.81
CARD_PAYMENT,Current,2024-05-13 14:01:45,2024-05-14 03:59:18,Sp Oxa Nanoleq,-43.50,0.00,CHF,COMPLETED,165.31
CARD_PAYMENT,Current,2024-05-14 09:15:59,2024-05-14 16:36:03,Apple,-20.00,0.00,CHF,COMPLETED,145.31
CARD_PAYMENT,Current,2024-05-15 09:44:29,2024-05-16 06:46:49,LinkedIn,-30.11,0.00,CHF,COMPLETED,115.20
CARD_PAYMENT,Current,2024-05-16 11:17:08,2024-05-16 16:44:34,Jenni,-18.08,0.00,CHF,COMPLETED,97.12
CARD_PAYMENT,Current,2024-05-17 04:14:37,2024-05-17 14:14:55,Microsoft 365,-1.95,0.00,CHF,COMPLETED,95.17
CARD_PAYMENT,Current,2024-05-25 23:26:06,2024-05-26 03:46:32,Lime,-6.85,0.00,CHF,COMPLETED,88.32
CARD_PAYMENT,Current,2024-05-25 23:25:38,2024-05-26 06:55:50,Lime,-5.50,0.00,CHF,COMPLETED,82.82
CARD_PAYMENT,Current,2024-05-24 22:42:33,2024-05-26 13:02:47,PubliBike,-5.50,0.00,CHF,COMPLETED,77.32
CARD_PAYMENT,Current,2024-05-24 23:43:58,2024-05-26 13:02:50,PubliBike,-5.60,0.00,CHF,COMPLETED,71.72
CARD_PAYMENT,Current,2024-05-25 02:44:21,2024-05-27 05:25:47,PubliBike,-16.20,0.00,CHF,COMPLETED,55.52
CARD_PAYMENT,Current,2024-05-26 20:22:09,2024-05-27 13:25:36,Spotify,-13.95,0.00,CHF,COMPLETED,41.57
CARD_PAYMENT,Current,2024-05-28 00:11:51,2024-05-29 05:22:08,PubliBike,-7.80,0.00,CHF,COMPLETED,33.77
CARD_PAYMENT,Current,2024-05-28 22:44:38,2024-05-30 06:24:11,PubliBike,-5.50,0.00,CHF,COMPLETED,28.27
CARD_PAYMENT,Current,2024-06-01 14:29:44,2024-06-02 09:51:54,Google Cloud,-11.53,0.00,CHF,COMPLETED,16.74
CARD_PAYMENT,Current,2024-06-03 14:28:24,2024-06-04 06:47:50,Apple,-3.00,0.00,CHF,COMPLETED,13.74
TOPUP,Current,2024-06-04 08:09:05,2024-06-04 08:09:05,Payment from Nikolaos Kaliorakis,600.00,0.00,CHF,COMPLETED,613.74
CARD_PAYMENT,Current,2024-06-04 09:16:37,2024-06-04 17:03:41,Apple,-20.00,0.00,CHF,COMPLETED,593.74
CARD_PAYMENT,Current,2024-06-05 08:51:58,2024-06-05 14:39:29,Microsoft,-5.84,0.00,CHF,COMPLETED,587.90
CARD_PAYMENT,Current,2024-06-05 14:55:08,2024-06-06 03:31:05,Medium,-4.47,0.00,CHF,COMPLETED,583.43
CARD_PAYMENT,Current,2024-06-06 12:56:15,2024-06-07 03:49:47,Mob.co.uk,-39.94,0.00,CHF,COMPLETED,543.49
CARD_PAYMENT,Current,2024-06-06 07:25:51,2024-06-07 14:55:12,Deutsche Bahn,-40.35,0.00,CHF,COMPLETED,503.14
TRANSFER,Current,2024-06-07 20:15:31,2024-06-07 20:15:31,Transfer to Revolut user,-180.00,0.00,CHF,COMPLETED,323.14
CARD_PAYMENT,Current,2024-06-07 16:30:16,2024-06-08 03:46:28,Lsp Canal Artisanal Ic,-4.29,0.00,CHF,COMPLETED,318.85
CARD_PAYMENT,Current,2024-06-06 12:48:37,2024-06-08 14:52:27,CANTINERIE,-10.59,0.00,CHF,COMPLETED,308.26
CARD_PAYMENT,Current,2024-06-08 19:05:11,2024-06-09 17:00:02,Nizzu Artist &,-38.85,0.39,CHF,COMPLETED,269.02
CARD_PAYMENT,Current,2024-06-09 15:12:10,2024-06-10 07:41:30,Jones Ice Cream,-6.53,0.07,CHF,COMPLETED,262.42
CARD_PAYMENT,Current,2024-06-09 14:50:18,2024-06-10 08:27:11,Pala Berlin,-69.34,0.69,CHF,COMPLETED,192.39
CARD_PAYMENT,Current,2024-06-10 20:02:19,2024-06-11 03:58:21,Lsp Wen Cheng,-41.66,0.00,CHF,COMPLETED,150.73
CARD_PAYMENT,Current,2024-06-10 17:27:51,2024-06-11 03:58:49,Zenner,-4.27,0.00,CHF,COMPLETED,146.46
TOPUP,Current,2024-06-11 08:03:48,2024-06-11 08:03:48,Payment from Nikolaos Kaliorakis,200.00,0.00,CHF,COMPLETED,346.46
CARD_PAYMENT,Current,2024-06-11 19:03:48,2024-06-12 03:58:10,UNIQLO,-171.20,0.00,CHF,COMPLETED,175.26
CARD_PAYMENT,Current,2024-06-11 15:06:27,2024-06-12 05:44:18,Dsm Deutsche S,-145.35,0.00,CHF,COMPLETED,29.91
CARD_PAYMENT,Current,2024-06-11 20:32:09,2024-06-12 05:46:31,Lagardère Travel Retail,-14.01,0.00,CHF,COMPLETED,15.90
CARD_PAYMENT,Current,2024-06-11 20:38:54,2024-06-12 13:14:32,Burger King,-13.14,0.00,CHF,COMPLETED,2.76
TOPUP,Current,2024-06-13 08:08:26,2024-06-13 08:08:26,Payment from Nikolaos Kaliorakis,100.00,0.00,CHF,COMPLETED,102.76
TRANSFER,Current,2024-06-15 00:04:57,2024-06-15 00:04:57,Transfer to Revolut user,-40.00,0.00,CHF,COMPLETED,62.76
CARD_PAYMENT,Current,2024-06-15 00:07:35,2024-06-15 06:08:00,OpenAI,-4.84,0.05,CHF,COMPLETED,57.87
CARD_PAYMENT,Current,2024-06-15 09:44:27,2024-06-16 05:35:04,LinkedIn,-30.11,0.00,CHF,COMPLETED,27.76
CARD_PAYMENT,Current,2024-06-18 07:05:35,2024-06-18 14:44:16,Microsoft 365,-1.95,0.00,CHF,COMPLETED,25.81
CARD_PAYMENT,Current,2024-06-23 13:00:48,2024-06-23 16:27:45,Spotify,-18.95,0.00,CHF,COMPLETED,6.86
TOPUP,Current,2024-07-02 08:11:51,2024-07-02 08:11:51,Payment from Nikolaos Kaliorakis,400.00,0.00,CHF,COMPLETED,406.86
CARD_PAYMENT,Current,2024-07-02 12:27:17,2024-07-03 15:49:36,Google Workspace,-15.57,0.00,CHF,COMPLETED,391.29
CARD_PAYMENT,Current,2024-07-03 14:28:09,2024-07-04 03:33:01,Apple,-3.00,0.00,CHF,COMPLETED,388.29
CARD_PAYMENT,Current,2024-07-05 10:34:53,2024-07-05 19:05:22,Google Drive,-30.00,0.00,CHF,COMPLETED,358.29
CARD_PAYMENT,Current,2024-07-05 14:24:26,2024-07-06 03:32:39,Medium,-4.51,0.00,CHF,COMPLETED,353.78
CARD_PAYMENT,Current,2024-07-05 14:55:06,2024-07-06 04:00:23,Microsoft,-5.84,0.00,CHF,COMPLETED,347.94
CARD_PAYMENT,Current,2024-07-07 20:46:39,2024-07-08 04:25:25,Notion,-10.79,0.11,CHF,COMPLETED,337.04
CARD_PAYMENT,Current,2024-07-10 23:37:32,2024-07-11 03:48:21,Amazon,-14.38,0.00,CHF,COMPLETED,322.66
TRANSFER,Current,2024-07-14 16:33:26,2024-07-14 16:33:26,Transfer to Revolut user,-80.00,0.00,CHF,COMPLETED,242.66
TRANSFER,Current,2024-07-14 16:44:53,2024-07-14 16:44:53,Transfer to Revolut user,-40.00,0.00,CHF,COMPLETED,202.66
CARD_PAYMENT,Current,2024-07-14 09:17:09,2024-07-14 20:40:40,Apple,-20.00,0.00,CHF,COMPLETED,182.66
TRANSFER,Current,2024-07-14 20:46:30,2024-07-14 20:46:31,Transfer from Revolut user,35.00,0.00,CHF,COMPLETED,217.66
CARD_PAYMENT,Current,2024-07-16 20:46:59,2024-07-17 03:44:12,Apple,-100.00,0.00,CHF,COMPLETED,117.66
CARD_PAYMENT,Current,2024-07-17 14:15:55,2024-07-18 03:44:22,Microsoft 365,-1.95,0.00,CHF,COMPLETED,115.71
TRANSFER,Current,2024-07-19 18:44:51,2024-07-19 18:44:51,Transfer to Revolut user,-35.00,0.00,CHF,COMPLETED,80.71
CARD_PAYMENT,Current,2024-07-23 13:00:27,2024-07-24 03:41:35,Spotify,-18.95,0.00,CHF,COMPLETED,61.76
TRANSFER,Current,2024-07-24 21:37:53,2024-07-24 21:37:54,Transfer from Revolut user,35.00,0.00,CHF,COMPLETED,96.76
CARD_PAYMENT,Current,2024-08-01 13:30:48,2024-08-02 15:59:46,Google Workspace,-15.57,0.00,CHF,COMPLETED,81.19
CARD_PAYMENT,Current,2024-08-03 14:28:47,2024-08-04 17:23:30,Apple,-3.00,0.00,CHF,COMPLETED,78.19
CARD_PAYMENT,Current,2024-08-04 09:16:26,2024-08-04 17:23:43,Apple,-20.00,0.00,CHF,COMPLETED,58.19
CARD_PAYMENT,Current,2024-08-05 15:25:17,2024-08-06 03:36:40,Microsoft,-5.84,0.00,CHF,COMPLETED,52.35
CARD_PAYMENT,Current,2024-08-05 14:24:43,2024-08-06 07:12:20,Medium,-4.24,0.00,CHF,COMPLETED,48.11
CARD_PAYMENT,Current,2024-08-07 03:57:26,2024-08-08 06:36:07,Uber,-5.00,0.00,CHF,COMPLETED,43.11
CARD_PAYMENT,Current,2024-08-06 13:18:25,2024-08-08 06:36:08,Uber,-30.87,0.00,CHF,COMPLETED,12.24
CARD_PAYMENT,Current,2024-08-07 21:54:37,2024-08-08 14:14:33,Notion,-10.37,0.00,CHF,COMPLETED,1.87
TOPUP,Current,2024-08-14 08:05:13,2024-08-14 08:05:14,Payment from Nikolaos Kaliorakis,500.00,0.00,CHF,COMPLETED,501.87
TRANSFER,Current,2024-08-14 18:58:58,2024-08-14 18:58:58,To CHF,0.02,0.00,CHF,COMPLETED,501.89
CARD_PAYMENT,Current,2024-08-14 21:34:42,2024-08-16 04:03:59,Ntoukiani,-143.21,0.00,CHF,COMPLETED,358.68
CARD_PAYMENT,Current,2024-08-15 23:23:11,2024-08-16 14:34:41,Emm. Matthaiou,-27.84,0.00,CHF,COMPLETED,330.84
CARD_PAYMENT,Current,2024-08-15 13:02:25,2024-08-17 04:02:41,Dimogerontakis Vasilei,-23.81,0.00,CHF,COMPLETED,307.03
CARD_PAYMENT,Current,2024-08-14 16:37:52,2024-08-17 04:03:01,Chalkiadakis SA,-27.15,0.00,CHF,COMPLETED,279.88
CARD_PAYMENT,Current,2024-08-16 12:32:07,2024-08-17 14:13:54,Silk Oil,-43.02,0.00,CHF,COMPLETED,236.86
CARD_PAYMENT,Current,2024-08-17 14:53:20,2024-08-18 03:54:34,Microsoft 365,-1.95,0.00,CHF,COMPLETED,234.91
CARD_PAYMENT,Current,2024-08-17 11:54:17,2024-08-18 04:09:40,Tanto Cafe,-15.79,0.16,CHF,COMPLETED,218.96
CARD_PAYMENT,Current,2024-08-16 21:27:57,2024-08-18 13:54:20,Γευστικόν Γλυφάδα,-21.09,0.00,CHF,COMPLETED,197.87
CARD_PAYMENT,Current,2024-08-17 14:58:09,2024-08-19 03:54:20,AB,-47.51,0.48,CHF,COMPLETED,149.88
CARD_PAYMENT,Current,2024-08-17 20:11:38,2024-08-19 03:55:54,Gounari Point Gp,-6.80,0.07,CHF,COMPLETED,143.01
TRANSFER,Current,2024-08-19 19:46:26,2024-08-19 19:46:26,Transfer to Revolut user,-10.00,0.00,CHF,COMPLETED,133.01
TRANSFER,Current,2024-08-19 19:49:35,2024-08-19 19:49:35,Transfer to Revolut user,-10.00,0.00,CHF,COMPLETED,123.01
CARD_PAYMENT,Current,2024-08-19 15:34:49,2024-08-20 03:40:35,Apple,-8.45,0.00,CHF,COMPLETED,114.56
CARD_PAYMENT,Current,2024-08-16 12:25:21,2024-08-20 04:07:00,Chalkiadakis SA,-15.83,0.00,CHF,COMPLETED,98.73
TRANSFER,Current,2024-08-20 09:44:12,2024-08-20 09:44:12,Transfer from Revolut user,10.00,0.00,CHF,COMPLETED,108.73
CARD_PAYMENT,Current,2024-08-19 15:12:19,2024-08-21 03:44:07,efood,-18.51,0.00,CHF,COMPLETED,90.22
TOPUP,Current,2024-08-21 08:05:32,2024-08-21 08:05:33,Payment from Nikolaos Kaliorakis,200.00,0.00,CHF,COMPLETED,290.22
CARD_PAYMENT,Current,2024-08-19 21:01:07,2024-08-21 14:24:49,Amigos,-71.86,0.00,CHF,COMPLETED,218.36
CARD_PAYMENT,Current,2024-08-21 11:28:46,2024-08-22 04:00:01,Tanto Cafe,-4.96,0.00,CHF,COMPLETED,213.40
CARD_PAYMENT,Current,2024-08-21 13:47:03,2024-08-22 14:17:07,Ellḗnion,-13.53,0.00,CHF,COMPLETED,199.87
CARD_PAYMENT,Current,2024-08-21 12:34:48,2024-08-23 03:58:51,O.D.A.P,-19.07,0.00,CHF,COMPLETED,180.80
CARD_PAYMENT,Current,2024-08-22 16:24:03,2024-08-23 03:59:34,Tanto Cafe,-4.75,0.00,CHF,COMPLETED,176.05
CARD_PAYMENT,Current,2024-08-22 11:24:34,2024-08-23 03:59:37,Oh Mama,-32.32,0.00,CHF,COMPLETED,143.73
CARD_PAYMENT,Current,2024-08-23 13:00:28,2024-08-24 03:52:58,Spotify,-18.95,0.00,CHF,COMPLETED,124.78
CARD_PAYMENT,Current,2024-08-22 13:26:20,2024-08-24 04:07:11,Biologion,-12.79,0.00,CHF,COMPLETED,111.99
CARD_PAYMENT,Current,2024-08-22 13:15:28,2024-08-24 04:07:14,AB,-39.73,0.00,CHF,COMPLETED,72.26
CARD_PAYMENT,Current,2024-08-23 14:21:26,2024-08-24 15:58:19,Hellenic Duty Free Shops,-35.41,0.00,CHF,COMPLETED,36.85
CARD_PAYMENT,Current,2024-08-21 19:41:11,2024-08-25 04:00:20,To Proto Tis Varis,-14.27,0.00,CHF,COMPLETED,22.58
CARD_PAYMENT,Current,2024-09-01 12:34:38,2024-09-02 16:54:57,Google Workspace,-15.57,0.00,CHF,COMPLETED,7.01
TOPUP,Current,2024-09-03 08:06:13,2024-09-03 08:06:13,Payment from Nikolaos Kaliorakis,200.00,0.00,CHF,COMPLETED,207.01
CARD_PAYMENT,Current,2024-09-03 09:53:42,2024-09-03 16:47:27,Apple,-11.90,0.00,CHF,COMPLETED,195.11
TRANSFER,Current,2024-09-04 22:40:35,2024-09-04 22:40:36,Transfer from Revolut user,9.47,0.00,CHF,COMPLETED,204.58
CARD_PAYMENT,Current,2024-09-04 19:15:17,2024-09-05 14:13:14,Fireship,-17.00,0.00,CHF,COMPLETED,187.58
CARD_PAYMENT,Current,2024-09-05 15:02:41,2024-09-06 03:48:18,Medium,-4.25,0.00,CHF,COMPLETED,183.33
CARD_PAYMENT,Current,2024-09-05 03:31:40,2024-09-06 07:09:46,Microsoft,-5.84,0.00,CHF,COMPLETED,177.49
CARD_PAYMENT,Current,2024-09-07 21:47:20,2024-09-08 18:49:53,Notion,-10.96,0.11,CHF,COMPLETED,166.42
CARD_PAYMENT,Current,2024-09-08 05:13:21,2024-09-10 06:27:16,PubliBike,-3.00,0.00,CHF,COMPLETED,163.42
CARD_PAYMENT,Current,2024-09-14 09:15:50,2024-09-14 17:28:50,Apple,-20.00,0.00,CHF,COMPLETED,143.42
TRANSFER,Current,2024-09-15 17:08:05,2024-09-15 17:08:06,Transfer to Revolut user,-40.00,0.00,CHF,COMPLETED,103.42
TRANSFER,Current,2024-09-16 08:22:40,2024-09-16 08:22:40,Transfer from Revolut user,40.00,0.00,CHF,COMPLETED,143.42
CARD_PAYMENT,Current,2024-09-15 10:10:17,2024-09-17 06:33:25,PubliBike,-5.00,0.00,CHF,COMPLETED,138.42
CARD_PAYMENT,Current,2024-09-17 13:55:01,2024-09-18 03:38:58,Microsoft 365,-1.95,0.00,CHF,COMPLETED,136.47
CARD_PAYMENT,Current,2024-09-19 07:34:51,2024-09-19 16:15:15,Apple,-10.00,0.00,CHF,COMPLETED,126.47
CARD_PAYMENT,Current,2024-09-23 10:27:48,2024-09-23 17:38:35,Cursor,-17.07,0.00,CHF,COMPLETED,109.40
CARD_PAYMENT,Current,2024-09-23 13:00:27,2024-09-24 03:51:47,Spotify,-18.95,0.00,CHF,COMPLETED,90.45
TRANSFER,Current,2024-09-25 09:47:19,2024-09-25 09:47:19,Transfer from Revolut user,9.47,0.00,CHF,COMPLETED,99.92
CARD_PAYMENT,Current,2024-09-28 00:11:38,2024-09-30 06:32:06,PubliBike,-12.60,0.00,CHF,COMPLETED,87.32
CARD_PAYMENT,Current,2024-10-01 12:19:35,2024-10-02 03:53:00,Google Cloud,-15.57,0.00,CHF,COMPLETED,71.75
CARD_PAYMENT,Current,2024-10-04 09:15:49,2024-10-04 17:24:54,Apple,-20.00,0.00,CHF,COMPLETED,51.75
CARD_PAYMENT,Current,2024-10-03 04:12:01,2024-10-05 06:30:56,PubliBike,-5.00,0.00,CHF,COMPLETED,46.75
CARD_PAYMENT,Current,2024-10-03 02:41:19,2024-10-05 06:30:59,PubliBike,-3.00,0.00,CHF,COMPLETED,43.75
CARD_PAYMENT,Current,2024-10-05 21:48:36,2024-10-06 04:39:26,Microsoft,-5.84,0.00,CHF,COMPLETED,37.91
CARD_PAYMENT,Current,2024-10-05 14:10:05,2024-10-06 19:55:29,Medium,-4.31,0.04,CHF,COMPLETED,33.56
CARD_PAYMENT,Current,2024-10-07 21:47:34,2024-10-08 15:59:44,Notion,-11.11,0.00,CHF,COMPLETED,22.45
CARD_PAYMENT,Current,2024-10-08 23:41:47,2024-10-10 06:31:33,PubliBike,-5.00,0.00,CHF,COMPLETED,17.45
TOPUP,Current,2024-10-14 08:05:26,2024-10-14 08:05:27,Payment from Nikolaos Kaliorakis,300.00,0.00,CHF,COMPLETED,317.45
CARD_PAYMENT,Current,2024-10-14 09:26:40,2024-10-15 05:09:21,Obsidian,-41.35,0.00,CHF,COMPLETED,276.10
CARD_PAYMENT,Current,2024-10-16 20:47:40,2024-10-17 03:39:43,Apple,-6.95,0.00,CHF,COMPLETED,269.15
CARD_PAYMENT,Current,2024-10-15 03:10:50,2024-10-17 06:34:45,PubliBike,-3.00,0.00,CHF,COMPLETED,266.15
CARD_PAYMENT,Current,2024-10-17 08:20:48,2024-10-17 16:30:04,Saguaro,-40.00,0.00,CHF,COMPLETED,226.15
CARD_PAYMENT,Current,2024-10-17 15:18:48,2024-10-18 06:50:44,Microsoft 365,-1.95,0.00,CHF,COMPLETED,224.20
CARD_PAYMENT,Current,2024-10-19 07:35:29,2024-10-19 16:34:09,Apple,-10.00,0.00,CHF,COMPLETED,214.20
CARD_PAYMENT,Current,2024-10-21 23:12:48,2024-10-23 06:44:13,PubliBike,-3.00,0.00,CHF,COMPLETED,211.20
CARD_PAYMENT,Current,2024-10-22 23:59:16,2024-10-23 07:22:35,Calm,-60.71,0.00,CHF,COMPLETED,150.49
CARD_PAYMENT,Current,2024-10-23 11:29:08,2024-10-23 16:32:38,Cursor,-17.40,0.00,CHF,COMPLETED,133.09
CARD_PAYMENT,Current,2024-10-23 13:00:26,2024-10-24 03:52:16,Spotify,-18.95,0.00,CHF,COMPLETED,114.14
TOPUP,Current,2024-11-01 08:08:01,2024-11-01 08:08:01,Payment from Nikolaos Kaliorakis,200.00,0.00,CHF,COMPLETED,314.14
CARD_PAYMENT,Current,2024-11-01 11:09:54,2024-11-02 02:43:07,Google Workspace,-15.57,0.00,CHF,COMPLETED,298.57
TRANSFER,Current,2024-11-03 14:58:04,2024-11-03 14:58:05,Transfer to Revolut user,-47.18,0.47,CHF,COMPLETED,250.92
TRANSFER,Current,2024-11-03 15:55:36,2024-11-03 15:55:36,Transfer to Revolut user,-37.75,0.38,CHF,COMPLETED,212.79
CARD_PAYMENT,Current,2024-11-02 08:14:00,2024-11-04 03:56:42,Antheon Tyropita Santouits Kafe,-19.92,0.20,CHF,COMPLETED,192.67
CARD_PAYMENT,Current,2024-11-04 09:15:40,2024-11-04 17:54:00,Apple,-20.00,0.00,CHF,COMPLETED,172.67
CARD_PAYMENT,Current,2024-11-04 09:23:55,2024-11-05 14:24:01,Roomie,-4.15,0.00,CHF,COMPLETED,168.52
CARD_PAYMENT,Current,2024-11-04 13:47:15,2024-11-06 05:05:04,Antheon Tyropita Santouits Kafe,-4.15,0.00,CHF,COMPLETED,164.37
CARD_PAYMENT,Current,2024-11-05 08:06:45,2024-11-06 07:17:11,Microsoft,-5.84,0.00,CHF,COMPLETED,158.53
CARD_PAYMENT,Current,2024-11-05 12:18:24,2024-11-06 15:23:14,Medium,-4.33,0.00,CHF,COMPLETED,154.20
CARD_PAYMENT,Current,2024-11-05 23:16:30,2024-11-06 15:29:32,Roomie,-20.03,0.00,CHF,COMPLETED,134.17
CARD_PAYMENT,Current,2024-11-05 15:25:29,2024-11-06 15:29:33,Coffee Berry,-4.43,0.00,CHF,COMPLETED,129.74
TRANSFER,Current,2024-11-06 21:44:49,2024-11-06 21:44:49,Transfer from Revolut user,9.48,0.00,CHF,COMPLETED,139.22
EXCHANGE,Current,2024-11-06 22:50:45,2024-11-06 22:50:45,Exchange to EUR,-22.00,0.00,CHF,COMPLETED,117.22
CARD_PAYMENT,Current,2024-11-06 11:12:24,2024-11-07 04:12:29,Tanto Cafe,-2.36,0.00,CHF,COMPLETED,114.86
CARD_PAYMENT,Current,2024-11-06 12:36:47,2024-11-08 04:17:44,Stavros Kourkoulis,-17.87,0.00,CHF,COMPLETED,96.99
CARD_PAYMENT,Current,2024-11-06 13:11:43,2024-11-08 04:18:28,Antheon Tyropita Santouits Kafe,-22.28,0.00,CHF,COMPLETED,74.71
CARD_PAYMENT,Current,2024-11-08 10:07:47,,Amazon Web Services,-0.95,0.00,CHF,REVERTED,
CARD_PAYMENT,Current,2024-11-07 20:47:44,2024-11-08 17:52:03,Notion,-11.37,0.00,CHF,COMPLETED,63.34
CARD_PAYMENT,Current,2024-11-07 06:03:26,2024-11-09 16:44:02,Hellenic Duty Free Shops,-25.99,0.00,CHF,COMPLETED,37.35
CARD_PAYMENT,Current,2024-11-17 04:50:44,2024-11-17 15:01:22,Microsoft 365,-1.95,0.00,CHF,COMPLETED,35.40
CARD_PAYMENT,Current,2024-11-18 21:41:37,2024-11-19 06:48:34,Too Good To Go,-4.90,0.00,CHF,COMPLETED,30.50
CARD_PAYMENT,Current,2024-11-19 07:34:59,2024-11-20 04:40:08,Apple,-10.00,0.00,CHF,COMPLETED,20.50
CARD_PAYMENT,Current,2024-11-23 10:29:03,2024-11-24 05:01:34,Cursor,-17.93,0.18,CHF,COMPLETED,2.39
TOPUP,Current,2024-11-25 08:04:19,2024-11-25 08:04:19,Payment from Nikolaos Kaliorakis,200.00,0.00,CHF,COMPLETED,202.39
CARD_PAYMENT,Current,2024-11-25 12:48:24,2024-11-26 03:53:18,Spotify,-18.95,0.00,CHF,COMPLETED,183.44
CARD_PAYMENT,Current,2024-11-25 21:12:52,2024-11-27 06:39:18,PubliBike,-3.00,0.00,CHF,COMPLETED,180.44
CARD_PAYMENT,Current,2024-11-25 23:12:02,2024-11-27 06:39:28,PubliBike,-5.00,0.00,CHF,COMPLETED,175.44
CARD_PAYMENT,Current,2024-11-30 11:01:13,2024-11-30 17:53:11,Val d’Isère Téléphériques,-87.69,0.88,CHF,COMPLETED,86.87
CARD_PAYMENT,Current,2024-12-01 11:04:23,2024-12-01 17:58:03,Val d’Isère Téléphériques,-43.84,0.44,CHF,COMPLETED,42.59
CARD_PAYMENT,Current,2024-12-01 19:30:06,2024-12-02 04:59:21,Google Cloud,-0.02,0.00,CHF,COMPLETED,42.57
CARD_PAYMENT,Current,2024-12-01 13:17:50,2024-12-02 04:59:31,Google Workspace,-15.57,0.00,CHF,COMPLETED,27.00
CARD_PAYMENT,Current,2024-12-02 14:47:25,2024-12-03 10:46:57,Bar De L Ouillette,-12.59,0.00,CHF,COMPLETED,14.41
TOPUP,Current,2024-12-04 10:05:45,2024-12-04 10:05:45,Payment from Nikolaos Kaliorakis,200.00,0.00,CHF,COMPLETED,214.41
CARD_PAYMENT,Current,2024-12-05 01:14:45,2024-12-05 10:01:05,Apple,-20.00,0.00,CHF,COMPLETED,194.41
CARD_PAYMENT,Current,2024-12-05 06:00:28,2024-12-05 17:16:36,Microsoft,-5.84,0.00,CHF,COMPLETED,188.57
CARD_PAYMENT,Current,2024-12-05 12:19:33,2024-12-06 06:03:00,Medium,-4.43,0.00,CHF,COMPLETED,184.14
CARD_PAYMENT,Current,2024-12-07 20:47:54,2024-12-08 14:52:23,Notion,-11.43,0.11,CHF,COMPLETED,172.60
TOPUP,Current,2024-12-12 08:04:42,2024-12-12 08:04:42,Payment from Nikolaos Kaliorakis,500.00,0.00,CHF,COMPLETED,672.60
EXCHANGE,Current,2024-12-12 09:34:43,2024-12-12 09:34:43,Exchange to EUR,-467.30,0.00,CHF,COMPLETED,205.30
TRANSFER,Current,2024-12-12 11:17:33,2024-12-12 11:17:34,Transfer from Revolut user,9.48,0.00,CHF,COMPLETED,214.78
CARD_PAYMENT,Current,2024-12-11 01:10:51,2024-12-13 06:38:36,PubliBike,-3.00,0.00,CHF,COMPLETED,211.78
CARD_PAYMENT,Current,2024-12-17 02:50:06,2024-12-17 07:03:07,Microsoft 365,-1.95,0.00,CHF,COMPLETED,209.83
TRANSFER,Current,2024-12-18 02:31:12,2024-12-18 02:31:12,Transfer from Revolut user,600.00,0.00,CHF,COMPLETED,809.83
CARD_PAYMENT,Current,2024-12-19 07:35:23,2024-12-19 18:16:07,Apple,-10.00,0.00,CHF,COMPLETED,799.83
EXCHANGE,Current,2024-12-23 09:32:54,2024-12-23 09:32:54,Exchange to EUR,-799.00,0.00,CHF,COMPLETED,0.83
TOPUP,Current,2024-12-23 10:07:42,2024-12-23 10:07:42,Payment from Nikolaos Kaliorakis,1000.00,0.00,CHF,COMPLETED,1000.83
CARD_PAYMENT,Current,2024-12-23 10:29:48,2024-12-23 17:34:25,Cursor,-17.94,0.18,CHF,COMPLETED,982.71
CARD_PAYMENT,Current,2024-12-23 12:00:30,2024-12-24 04:55:00,Spotify,-18.95,0.00,CHF,COMPLETED,963.76
TRANSFER,Current,2024-12-24 13:23:02,2024-12-24 13:23:03,Transfer from Revolut user,9.48,0.00,CHF,COMPLETED,973.24
CARD_PAYMENT,Current,2024-12-24 20:22:20,2024-12-26 03:50:30,Aegean Airlines,-794.25,7.94,CHF,COMPLETED,171.05
CARD_PAYMENT,Current,2024-12-24 20:26:59,2024-12-26 03:50:39,Aegean Airlines,-63.31,0.63,CHF,COMPLETED,107.11
CARD_PAYMENT,Current,2024-12-24 20:29:10,2024-12-26 03:50:39,Aegean Airlines,-38.02,0.38,CHF,COMPLETED,68.71
CARD_PAYMENT,Current,2024-12-29 10:06:35,2024-12-30 04:14:58,ETAD,-9.42,0.09,CHF,COMPLETED,59.20
CARD_PAYMENT,Current,2024-12-29 13:16:17,2024-12-30 10:46:35,Sofi's Eatery,-52.06,0.52,CHF,COMPLETED,6.62
TOPUP,Current,2024-12-31 08:08:27,2024-12-31 08:08:28,Payment from Nikolaos Kaliorakis,500.00,0.00,CHF,COMPLETED,506.62
CARD_PAYMENT,Current,2025-01-01 17:06:09,2025-01-02 03:48:51,Google Cloud,-0.51,0.00,CHF,COMPLETED,506.11
CARD_PAYMENT,Current,2025-01-01 12:24:14,2025-01-02 03:48:53,Google Workspace,-15.57,0.00,CHF,COMPLETED,490.54
CARD_PAYMENT,Current,2024-12-31 13:38:17,2025-01-02 04:08:04,Skordilis Pavlos,-21.69,0.00,CHF,COMPLETED,468.85
CARD_PAYMENT,Current,2024-12-31 12:13:42,2025-01-02 12:37:48,Public Γλυφάδας,-31.65,0.00,CHF,COMPLETED,437.20
CARD_PAYMENT,Current,2025-01-01 00:37:25,2025-01-02 12:37:48,Thymus Mylonas,-26.15,0.00,CHF,COMPLETED,411.05
TRANSFER,Current,2025-01-04 11:45:43,2025-01-04 11:45:43,Transfer from Revolut user,8.00,0.00,CHF,COMPLETED,419.05
CARD_PAYMENT,Current,2025-01-04 09:15:55,2025-01-04 16:31:03,Apple,-20.00,0.00,CHF,COMPLETED,399.05
CARD_PAYMENT,Current,2025-01-04 12:22:07,2025-01-05 11:00:11,Coffee Park,-4.69,0.05,CHF,COMPLETED,394.31
CARD_PAYMENT,Current,2025-01-03 13:36:23,2025-01-05 11:00:18,Roomie,-4.13,0.00,CHF,COMPLETED,390.18
TRANSFER,Current,2025-01-05 17:56:55,2025-01-05 17:56:55,Transfer from Revolut user,30.00,0.00,CHF,COMPLETED,420.18
CARD_PAYMENT,Current,2025-01-05 11:58:01,2025-01-06 04:06:26,Medium,-4.56,0.05,CHF,COMPLETED,415.57
CARD_PAYMENT,Current,2025-01-04 12:06:37,2025-01-06 04:15:13,Prenatal,-15.00,0.15,CHF,COMPLETED,400.42
CARD_PAYMENT,Current,2025-01-04 10:17:44,2025-01-06 04:16:00,Antheon Tyropita Santouits Kafe,-12.01,0.12,CHF,COMPLETED,388.29
CARD_PAYMENT,Current,2025-01-05 04:06:43,2025-01-06 07:20:54,Microsoft,-5.84,0.00,CHF,COMPLETED,382.45
CARD_PAYMENT,Current,2025-01-05 17:56:36,2025-01-06 07:36:38,LUKUMADES,-6.57,0.07,CHF,COMPLETED,375.81
CARD_PAYMENT,Current,2025-01-05 15:45:33,2025-01-06 07:37:01,Acropolis Museum,-37.51,0.38,CHF,COMPLETED,337.92
TOPUP,Current,2025-01-06 08:10:30,2025-01-06 08:10:31,Payment from Nikolaos Kaliorakis,1500.00,0.00,CHF,COMPLETED,1837.92
CARD_PAYMENT,Current,2025-01-05 00:39:53,2025-01-06 10:27:29,Spyridakis Nikolaos E,-13.32,0.13,CHF,COMPLETED,1824.47
CARD_PAYMENT,Current,2025-01-04 11:49:07,2025-01-06 13:11:00,Decathlon,-53.45,0.53,CHF,COMPLETED,1770.49
FEE,Current,2025-01-06 18:09:17,2025-01-06 18:09:17,Premium plan fee,-10.99,0.00,CHF,COMPLETED,1759.50
TRANSFER,Current,2025-01-06 18:10:16,2025-01-06 18:10:16,Transfer to Revolut user,-1316.24,0.00,CHF,COMPLETED,443.26
CARD_PAYMENT,Current,2025-01-05 17:46:24,2025-01-07 04:05:47,Sparkle Silver Gifts,-53.45,0.53,CHF,COMPLETED,389.28
CARD_PAYMENT,Current,2025-01-04 17:08:28,2025-01-07 04:06:01,Shell,-46.89,0.47,CHF,COMPLETED,341.92
CARD_PAYMENT,Current,2025-01-05 19:19:06,2025-01-07 04:06:07,Atlantikos,-46.89,0.47,CHF,COMPLETED,294.56
CARD_PAYMENT,Current,2025-01-05 16:12:57,2025-01-07 14:06:48,Astrion Kafestiatoria,-11.26,0.11,CHF,COMPLETED,283.19
CARD_PAYMENT,Current,2025-01-07 20:48:07,2025-01-08 11:49:59,Notion,-11.82,0.00,CHF,COMPLETED,271.37
CARD_PAYMENT,Current,2025-01-07 17:14:26,2025-01-09 04:12:44,AB,-53.06,0.00,CHF,COMPLETED,218.31
CARD_PAYMENT,Current,2025-01-07 22:19:40,2025-01-09 04:14:05,Soridon,-20.72,0.00,CHF,COMPLETED,197.59
CARD_PAYMENT,Current,2025-01-08 12:10:03,2025-01-10 06:53:16,Stavros Kourkoulis,-33.89,0.00,CHF,COMPLETED,163.70
CARD_PAYMENT,Current,2025-01-09 10:03:10,2025-01-10 15:54:19,Gregory's,-4.14,0.00,CHF,COMPLETED,159.56
CARD_PAYMENT,Current,2025-01-08 12:18:36,2025-01-10 15:54:31,Roomie,-4.14,0.00,CHF,COMPLETED,155.42
CARD_PAYMENT,Current,2025-01-09 09:58:38,2025-01-11 04:26:29,Liaskas Nikolaos,-47.03,0.00,CHF,COMPLETED,108.39
CARD_PAYMENT,Current,2025-01-09 18:19:06,2025-01-11 14:55:00,Panitsas Dimitrios Oe,-61.16,0.00,CHF,COMPLETED,47.23
EXCHANGE,Current,2025-01-11 21:02:37,2025-01-11 21:02:37,Exchange to EUR,-8.00,0.00,CHF,COMPLETED,39.23
CARD_PAYMENT,Current,2025-01-10 15:12:37,2025-01-12 05:09:25,AB,-17.60,0.00,CHF,COMPLETED,21.63
CARD_PAYMENT,Current,2025-01-11 13:26:58,2025-01-12 12:39:29,Oven Manufactory,-4.23,0.04,CHF,COMPLETED,17.36
CARD_PAYMENT,Current,2025-01-11 13:23:46,2025-01-13 05:27:57,Skordilis Pavlos,-9.40,0.09,CHF,COMPLETED,7.87
CARD_PAYMENT,Current,2025-01-11 14:03:35,2025-01-13 05:28:19,Antheon Tyropita Santouits Kafe,-6.96,0.07,CHF,COMPLETED,0.84
TOPUP,Current,2025-01-13 08:05:17,2025-01-13 08:05:17,Payment from Nikolaos Kaliorakis,200.00,0.00,CHF,COMPLETED,200.84
TRANSFER,Current,2025-01-13 10:44:32,2025-01-13 10:44:32,Transfer from Revolut user,50.00,0.00,CHF,COMPLETED,250.84
CARD_PAYMENT,Current,2025-01-13 15:48:07,2025-01-15 04:14:37,Sklavenitis,-11.75,0.00,CHF,COMPLETED,239.09
CARD_PAYMENT,Current,2025-01-13 09:27:02,2025-01-15 04:15:16,Aegean Airlines,-51.06,0.00,CHF,COMPLETED,188.03
CARD_PAYMENT,Current,2025-01-13 16:02:36,2025-01-15 04:15:34,Antheon Tyropita Santouits Kafe,-6.76,0.00,CHF,COMPLETED,181.27
CARD_PAYMENT,Current,2025-01-13 15:35:34,2025-01-15 14:28:23,marvelplant,-112.41,0.00,CHF,COMPLETED,68.86
CARD_PAYMENT,Current,2025-01-15 14:16:59,2025-01-16 11:00:24,Oven Manufactory,-38.84,0.00,CHF,COMPLETED,30.02
CARD_PAYMENT,Current,2025-01-17 02:31:26,2025-01-17 07:29:52,Microsoft 365,-1.95,0.00,CHF,COMPLETED,28.07
TOPUP,Current,2025-01-17 08:04:07,2025-01-17 08:04:08,Payment from Nikolaos Kaliorakis,200.00,0.00,CHF,COMPLETED,228.07
CARD_PAYMENT,Current,2025-01-15 19:06:57,2025-01-18 04:05:56,efood,-27.29,0.00,CHF,COMPLETED,200.78
CARD_PAYMENT,Current,2025-01-17 16:04:25,2025-01-18 06:41:58,Coop,-10.95,0.00,CHF,COMPLETED,189.83
CARD_PAYMENT,Current,2025-01-17 18:49:15,2025-01-18 06:43:04,Uzh Zentrum,-3.25,0.00,CHF,COMPLETED,186.58
CARD_PAYMENT,Current,2025-01-18 20:48:00,2025-01-19 10:00:52,Coop,-5.95,0.00,CHF,COMPLETED,180.63
CARD_PAYMENT,Current,2025-01-18 10:35:29,2025-01-19 10:00:57,Coop,-31.05,0.00,CHF,COMPLETED,149.58
CARD_PAYMENT,Current,2025-01-19 07:35:24,2025-01-19 16:02:47,Apple,-10.00,0.00,CHF,COMPLETED,139.58
CARD_PAYMENT,Current,2025-01-20 15:29:34,2025-01-21 06:46:31,Coop,-26.30,0.00,CHF,COMPLETED,113.28
CARD_PAYMENT,Current,2025-01-21 21:41:18,2025-01-22 06:47:14,Coop,-9.60,0.00,CHF,COMPLETED,103.68
CARD_PAYMENT,Current,2025-01-23 10:28:41,2025-01-23 20:33:37,Cursor,-18.20,0.00,CHF,COMPLETED,85.48
CARD_PAYMENT,Current,2025-01-23 12:00:28,2025-01-24 03:55:46,Spotify,-18.95,0.00,CHF,COMPLETED,66.53
CARD_PAYMENT,Current,2025-01-23 12:21:05,2025-01-24 06:32:34,Coop,-24.65,0.00,CHF,COMPLETED,41.88
CARD_PAYMENT,Current,2025-01-24 18:33:26,2025-01-25 06:38:06,Coop,-36.85,0.00,CHF,COMPLETED,5.03
TOPUP,Current,2025-01-29 16:31:26,2025-01-29 16:31:28,Apple Pay Top-Up by *9288,150.00,0.00,CHF,COMPLETED,155.03
CARD_PAYMENT,Current,2025-01-30 21:27:30,2025-01-31 03:37:01,Höschgass,-94.17,0.00,CHF,COMPLETED,60.86
CARD_PAYMENT,Current,2025-01-31 15:42:20,2025-02-01 05:56:16,Coop,-3.95,0.00,CHF,COMPLETED,56.91
CARD_PAYMENT,Current,2025-02-01 18:07:30,2025-02-02 04:04:02,Google Cloud,-0.84,0.00,CHF,COMPLETED,56.07
CARD_PAYMENT,Current,2025-02-01 13:29:09,2025-02-02 04:04:13,Google Workspace,-15.57,0.00,CHF,COMPLETED,40.50
CARD_PAYMENT,Current,2025-01-31 07:10:05,2025-02-02 12:41:14,PubliBike,-5.40,0.00,CHF,COMPLETED,35.10
CARD_PAYMENT,Current,2025-01-31 06:10:19,2025-02-02 12:41:19,PubliBike,-3.00,0.00,CHF,COMPLETED,32.10
CARD_PAYMENT,Current,2025-02-03 15:36:06,2025-02-04 04:12:29,OpenAI,-4.97,0.00,CHF,COMPLETED,27.13
TOPUP,Current,2025-02-04 08:06:48,2025-02-04 08:06:49,Payment from Nikolaos Kaliorakis,200.00,0.00,CHF,COMPLETED,227.13
CARD_PAYMENT,Current,2025-02-04 09:20:26,2025-02-04 16:25:18,Apple,-20.00,0.00,CHF,COMPLETED,207.13
CARD_PAYMENT,Current,2025-02-04 10:41:05,2025-02-04 16:39:56,OpenAI,-4.94,0.00,CHF,COMPLETED,202.19
CARD_PAYMENT,Current,2025-02-04 08:40:10,2025-02-05 05:56:33,Coop,-15.50,0.00,CHF,COMPLETED,186.69
FEE,Current,2025-02-06 01:23:34,2025-02-06 01:23:34,Premium plan fee,-10.99,0.00,CHF,COMPLETED,175.70
CARD_PAYMENT,Current,2025-02-05 11:53:02,2025-02-06 04:20:44,Medium,-4.52,0.00,CHF,COMPLETED,171.18
CARD_PAYMENT,Current,2025-02-05 20:22:53,2025-02-06 06:17:16,Coop,-22.60,0.00,CHF,COMPLETED,148.58
CARD_PAYMENT,Current,2025-02-05 10:13:25,2025-02-06 06:18:20,Hallenbad City,-40.00,0.00,CHF,COMPLETED,108.58
CARD_PAYMENT,Current,2025-02-05 04:17:04,2025-02-06 06:51:28,Microsoft,-5.84,0.00,CHF,COMPLETED,102.74
CARD_PAYMENT,Current,2025-02-06 17:49:03,2025-02-07 06:18:27,Orell Füssli,-54.80,0.00,CHF,COMPLETED,47.94
TOPUP,Current,2025-02-07 09:55:02,2025-02-07 09:55:04,Apple Pay Top-Up by *9288,700.00,0.00,CHF,COMPLETED,747.94
EXCHANGE,Current,2025-02-07 09:55:42,2025-02-07 09:55:42,Exchange to EUR,-700.00,0.00,CHF,COMPLETED,47.94
CARD_PAYMENT,Current,2025-02-07 20:48:01,2025-02-08 04:26:07,Notion,-11.83,0.00,CHF,COMPLETED,36.11
CARD_PAYMENT,Current,2025-02-07 21:02:15,2025-02-08 05:49:36,Coop,-17.05,0.00,CHF,COMPLETED,19.06
TOPUP,Current,2025-02-08 18:50:09,2025-02-08 18:50:11,Apple Pay Top-Up by *9288,200.00,0.00,CHF,COMPLETED,219.06
CARD_PAYMENT,Current,2025-02-08 11:52:52,2025-02-09 06:31:08,SBB CFF FFS,-10.00,0.00,CHF,COMPLETED,209.06
CARD_PAYMENT,Current,2025-02-08 19:12:05,2025-02-09 06:31:35,Coop,-32.10,0.00,CHF,COMPLETED,176.96
CARD_PAYMENT,Current,2025-02-11 11:27:11,2025-02-13 06:13:21,Hostpoint,-15.00,0.00,CHF,COMPLETED,161.96
CARD_PAYMENT,Current,2025-02-12 13:35:51,2025-02-13 06:13:35,Coop,-13.90,0.00,CHF,COMPLETED,148.06
CARD_PAYMENT,Current,2025-02-14 10:31:46,2025-02-14 17:04:17,Anthropic,-18.07,0.00,CHF,COMPLETED,129.99
CARD_PAYMENT,Current,2025-02-13 11:42:08,2025-02-15 13:25:32,Go Daddy,-46.88,0.00,CHF,COMPLETED,83.11
CARD_PAYMENT,Current,2025-02-17 04:56:30,2025-02-17 09:46:50,Microsoft 365,-1.95,0.00,CHF,COMPLETED,81.16
TRANSFER,Current,2025-02-17 16:50:25,2025-02-17 16:50:25,Balance migration to another region or legal entity,-69.26,0.00,CHF,COMPLETED,
TRANSFER,Current,2025-02-17 16:50:25,2025-02-17 16:50:25,Balance migration to another region or legal entity,69.26,0.00,CHF,COMPLETED,
CARD_PAYMENT,Current,2025-02-17 19:48:51,2025-02-18 05:59:54,Coop,-37.50,0.00,CHF,COMPLETED,43.66
CARD_PAYMENT,Current,2025-02-17 20:11:07,2025-02-18 05:59:59,Coop,-3.65,0.00,CHF,COMPLETED,40.01
CARD_PAYMENT,Current,2025-02-17 12:39:34,2025-02-18 06:00:43,SV Group,-11.90,0.00,CHF,COMPLETED,28.11
CARD_PAYMENT,Current,2025-02-19 07:34:49,2025-02-19 15:10:03,Apple,-10.00,0.00,CHF,COMPLETED,18.11
CARD_PAYMENT,Current,2025-02-20 14:47:00,2025-02-21 04:06:45,OpenAI,-14.67,0.00,CHF,COMPLETED,3.44
TOPUP,Current,2025-02-23 00:12:33,2025-02-23 00:12:35,Apple Pay Top-Up by *9288,80.00,0.00,CHF,COMPLETED,83.44
TRANSFER,Current,2025-02-23 14:05:27,2025-02-23 14:05:28,Revolut Ltd,9.48,0.00,CHF,COMPLETED,92.92
CARD_PAYMENT,Current,2025-02-23 12:00:28,2025-02-24 04:22:42,Spotify,-18.95,0.00,CHF,COMPLETED,73.97
CARD_PAYMENT,Current,2025-02-23 10:29:02,2025-02-24 04:31:06,Cursor,-18.00,0.18,CHF,COMPLETED,55.79
CARD_PAYMENT,Current,2025-02-23 13:26:55,2025-02-24 10:10:14,McDonald's,-9.20,0.00,CHF,COMPLETED,46.59
TOPUP,Current,2025-02-24 18:21:13,2025-02-24 18:21:14,Apple Pay Top-Up by *9288,320.00,0.00,CHF,COMPLETED,366.59
CARD_PAYMENT,Current,2025-02-24 21:02:27,2025-02-25 04:19:14,OpenAI,-9.72,0.00,CHF,COMPLETED,356.87
EXCHANGE,Current,2025-02-25 19:06:26,2025-02-25 19:06:26,Exchange to EUR,-300.35,0.00,CHF,COMPLETED,56.52
CARD_PAYMENT,Current,2025-02-26 19:52:42,2025-02-27 03:50:52,Apple,-10.90,0.00,CHF,COMPLETED,45.62
TOPUP,Current,2025-02-28 21:01:16,2025-02-28 21:01:18,Apple Pay Top-Up by *9288,200.00,0.00,CHF,COMPLETED,245.62
CARD_PAYMENT,Current,2025-02-28 21:01:55,2025-03-01 15:43:04,Anthropic,-154.31,0.00,CHF,COMPLETED,91.31
TOPUP,Current,2025-03-01 20:26:30,2025-03-01 20:26:32,Apple Pay Top-Up by *9288,300.00,0.00,CHF,COMPLETED,391.31
CARD_PAYMENT,Current,2025-03-01 20:31:07,2025-03-02 08:09:16,Google Cloud,-300.78,0.00,CHF,COMPLETED,90.53
CARD_PAYMENT,Current,2025-03-01 14:36:46,2025-03-02 08:09:20,Google Workspace,-15.57,0.00,CHF,COMPLETED,74.96
CARD_PAYMENT,Current,2025-03-01 17:38:27,2025-03-02 08:09:22,Google Cloud,-1.07,0.00,CHF,COMPLETED,73.89
CARD_PAYMENT,Current,2025-03-02 13:43:56,2025-03-03 04:39:30,Amazon Web Services,-11.20,0.11,CHF,COMPLETED,62.58
FEE,Current,2025-03-06 01:25:39,2025-03-06 01:25:39,Premium plan fee,-10.99,0.00,CHF,COMPLETED,51.59
CARD_PAYMENT,Current,2025-03-05 11:58:16,2025-03-06 04:35:52,Medium,-4.45,0.00,CHF,COMPLETED,47.14
CARD_PAYMENT,Current,2025-03-05 06:34:27,2025-03-06 06:50:46,Microsoft,-5.84,0.00,CHF,COMPLETED,41.30
CARD_PAYMENT,Current,2025-03-07 20:48:36,2025-03-08 17:26:04,Notion,-11.45,0.00,CHF,COMPLETED,29.85
TRANSFER,Current,2025-03-09 09:24:05,2025-03-09 09:24:05,Transfer to Revolut user,-19.10,0.19,CHF,COMPLETED,10.56
